1797 2311
851 57 936 89 23·

239 144 416 183 „orationis
440 142 686 176 concinnitatem
706 140 869 179 invitaret,
887 147 994 174 tamen
1014 140 1222 184 protasin‚
1249 149 1328 183 qnae
1351 142 1473 183 dicitur,
1494 156 1559 178 uuo

239 201 297 235 „et
316 196 448 228 dimidio
476 204 568 226 versu
587 192 792 227 concluderet
811 193 826 232 (
836 200 886 231 29.
910 202 961 232 50.
973 195 1011 237 ).
1044 193 1198 235 apodoein
1218 196 1325 225 autem
1345 202 1401 235 per
1422 196 1559 239 quinque

240 256 374 286 „versus
403 246 469 284 (50
491 263 532 269 —
556 248 625 288 54)
658 245 847 286 produceret
875 248 908 275 et
931 244 1098 277 dilataret?
1161 246 1251 278 itane
1278 244 1347 287 ipsa
1378 249 1559 287 poematum

236 298 329 337 „eius
357 296 447 327 frona
475 294 569 327 habet
597 304 653 327 cur
685 293 874 327 erubescat?
935 294 1016 326 Nam
1046 295 1123 326 alias
1150 295 1277 336 insigne
1314 299 1366 328 eat
1389 296 1558 329 artificium

241 351 380 389 „poetae
398 347 431 379 in
452 347 611 379 struendis
631 344 871 386 vinciendisque
891 345 1028 386 periodis
1045 345 1168 387 lyricist
1188 355 1268 388 quae
1294 355 1346 378 res
1372 346 1505 387 (obiter
1526 349 1560 381 id

238 399 434 437 „addimus)
466 398 608 429 nondum
642 397 719 429 satis
754 400 919 436 perspecta
946 396 1191 437 interpretibus,
1225 401 1344 428 certam
1374 403 1407 429 et
1432 400 1559 432 unicam

239 449 354 488 „affert
375 448 531 481 iudicandi
552 457 694 478 normam
714 446 754 478 de
776 445 898 487 aliquot
918 445 1000 478 locis
1031 445 1083 478 vel
1103 445 1252 478 lectionis
1282 446 1334 477 vel
1370 447 1558 492 interpret.-

239 501 361 540 „tionis
390 501 469 532 vitio
498 499 598 531 adhuc
624 497 876 530 laborantibus.⁴‘

299 571 399 618 Quae
424 568 513 602 huic
537 568 640 613 loco,
667 578 779 612 quem
804 574 921 601 totum
942 567 1113 614 apposui,
1144 567 1288 615 insunt,
1315 581 1359 604 ea
1386 573 1558 608 emenda.

196 629 287 664 tioni
311 629 462 675 quidem
479 627 631 663 auctoris
657 626 837 675 suffragiis
859 627 1112 674 comprobatae
1135 627 1377 676 adversantur,
1400 631 1556 670 minime

199 694 321 722 autem
341 689 505 737 vulgatae
529 686 696 731 lectioni,
728 685 929 721 dummodo
959 686 1246 732 interpretandae
1277 689 1333 723 illi
1361 689 1559 726 adhibean-

199 754 274 792 tur,
309 759 400 793 quae
441 758 546 792 supra
579 744 689 779 attuli.
742 744 901 780 Sufficiet
929 744 1041 792 igitur
1074 745 1360 792 comparandum
1383 760 1557 796 proposu-

201 805 274 839 isse
306 805 400 839 aliud
446 805 564 840 Flacci
590 814 739 838 carmen
773 804 801 837 Ι.
827 808 894 848 31.‚
926 803 1024 848 quod
1048 815 1134 838 cum
1155 804 1341 853 integrum
1368 815 1489 843 nostro
1513 810 1559 843 si-

200 863 402 899 millimum
432 871 503 910 est,
547 870 626 899 tum
649 862 802 911 passim,
827 861 996 909 inprimis
1019 863 1181 899 versibus
1210 869 1256 901 15
1284 872 1320 900 et
1337 869 1404 913 16„
1427 867 1558 915 quibus

198 923 245 958 de
266 936 306 960 se
329 928 433 973 poeta
460 923 634 974 loquitur,
656 930 777 958 nostro
795 923 876 957 loco
900 933 1029 968 parem
1052 929 1266 960 structuram
1289 925 1417 963 habet:

448 998 533 1036 Quid
568 997 747 1029 dedicatum
768 995 874 1039 poscit
894 995 1079 1038 Apollinem

448 1050 570 1083 Vates?
591 1049 677 1087 Quid
700 1055 785 1084 orat.
809 1049 850 1078 de
869 1053 975 1088 patera
997 1058 1116 1080 novum
1135 1067 1137 1070 ·

524 1100 670 1131 Fundens
693 1097 873 1139 liquorem?
915 1098 1002 1128 Non
1028 1099 1155 1138 opimae

622 1147 782 1181 Sardiniae
814 1152 942 1189 segetes
962 1146 1100 1179 feraces:

440 1216 536 1249 Non
564 1219 730 1248 aestuosae
757 1222 845 1256 grata
864 1214 1022 1246 Calabriae

443 1267 618 1306 Armentaz
654 1262 737 1298 non
759 1275 867 1298 aurum
889 1269 944 1298 aut
965 1265 1042 1297 ebur
1063 1263 1225 1299 Indicumt

510 1317 616 1353 vNon
645 1327 733 1353 rura,
758 1327 836 1358 quae
854 1317 937 1349 Liris
958 1318 1063 1358 quieta

612 1367 740 1398 Mordet
768 1376 864 1408 aqua,
902 1369 1075 1399 taciturnus
1095 1366 1206 1399 amnis.

444 1435 591 1467 Premant
612 1433 727 1465 calena
746 1433 847 1473 falce,
880 1435 994 1478 quibus
1014 1435 1103 1467 dedit

441 1485 597 1526 fortuna,
630 1485 745 1515 vitem:
776 1485 865 1516 dives
895 1490 929 1517 et
958 1486 1059 1517 aureis

524 1535 684 1579 *Mercator
717 1535 856 1567 exsiccet
884 1535 1011 1567 cuiauis

609 1585 710 1624 Vina,
733 1585 813 1628 Syra
833 1592 972 1629 reparata
993 1597 1123 1626 merce,

441 1655 501 1690 Dia
523 1664 612 1688 catus
630 1655 723 1696 ipsis.
763 1655 893 1697 Quippe
922 1660 972 1690 ter
994 1662 1029 1688 et
1053 1660 1163 1699 quater

442 1706 538 1739 Anno
568 1705 707 1739 revisens
731 1716 849 1748 aequor
876 1706 1072 1741 Atlanticum

524 1757 668 1798 Impune.
711 1757 786 1797 ME,
812 1763 944 1799 pascunt
973 1759 1092 1795 olivae,

606 1806 676 1839 ΜΕ
706 1807 869 1847 cichorea,
891 1807 1041 1850 levesque
1069 1806 1186 1838 malvae
1208 1805 1266 1839 rel.

294 1881 352 1917 Ad
381 1880 436 1927 id,
469 1880 565 1928 quod
589 1882 699 1919 altero
719 1883 800 1919 loco
823 1884 967 1920 monuit
996 1884 1051 1921 111.
1075 1881 1318 1919 Eichstadius:

236 1949 361 1988 „Quam
384 1953 506 1980 temere
528 1949 616 1981 nullo
639 1950 819 1993 praeposito
841 1951 971 1984 nomine
993 1955 1047 1983 aut
1068 1951 1258 1994 pronomine
1277 1954 1351 1994 post
1374 1950 1459 1983 illam
1482 1951 1554 1984 lon-

234 2002 381 2044 „giorem
416 2000 662 2035 dubitationem:
