<?xml version="1.0" encoding="UTF-8"?>
<!DOCTYPE html PUBLIC "-//W3C//DTD XHTML 1.0 Transitional//EN"
    "http://www.w3.org/TR/xhtml1/DTD/xhtml1-transitional.dtd">
<html xmlns="http://www.w3.org/1999/xhtml" xml:lang="en" lang="en">
 <head>
  <title>
</title>
<meta http-equiv="Content-Type" content="text/html;charset=utf-8" />
  <meta name='ocr-system' content='tesseract 3.04.00' />
  <meta name='ocr-capabilities' content='ocr_page ocr_carea ocr_par ocr_line ocrx_word'/>
</head>
<body>
  <div class='ocr_page' id='page_1' title='image "./4627459_0030.png"; bbox 0 0 1797 2311; ppageno 0'>
   <div class='ocr_carea' id='block_1_1' title="bbox 882 153 930 185">
    <p class='ocr_par' dir='ltr' id='par_1_1' title="bbox 882 153 930 185">
     <span class='ocr_line' id='line_1_1' title="bbox 882 153 930 185; baseline 0 0"><span class='ocrx_word' id='word_1_1' title='bbox 882 153 930 185; x_wconf 86' lang='lat'>22</span> 
     </span>
    </p>
   </div>
   <div class='ocr_carea' id='block_1_2' title="bbox 234 234 1595 396">
    <p class='ocr_par' dir='ltr' id='par_1_2' title="bbox 234 234 1595 396">
     <span class='ocr_line' id='line_1_2' title="bbox 330 234 1595 289; baseline -0.006 -11"><span class='ocrx_word' id='word_1_2' title='bbox 330 242 435 278; x_wconf 82' lang='lat' dir='ltr'>Haec</span> <span class='ocrx_word' id='word_1_3' title='bbox 463 237 695 289; x_wconf 83' lang='lat' dir='ltr'>potissimum</span> <span class='ocrx_word' id='word_1_4' title='bbox 717 242 817 282; x_wconf 88' lang='lat' dir='ltr'>sunt,</span> <span class='ocrx_word' id='word_1_5' title='bbox 854 247 947 282; x_wconf 85' lang='lat' dir='ltr'>quae</span> <span class='ocrx_word' id='word_1_6' title='bbox 973 243 1096 272; x_wconf 83' lang='lat' dir='ltr'>contra</span> <span class='ocrx_word' id='word_1_7' title='bbox 1128 234 1307 273; x_wconf 87' lang='lat' dir='ltr'>Wolfium</span> <span class='ocrx_word' id='word_1_8' title='bbox 1342 238 1382 272; x_wconf 92' lang='lat' dir='ltr'>V.</span> <span class='ocrx_word' id='word_1_9' title='bbox 1411 238 1440 273; x_wconf 86' lang='grc' dir='ltr'>Ι.</span> <span class='ocrx_word' id='word_1_10' title='bbox 1461 237 1505 272; x_wconf 87' lang='lat' dir='ltr'>ad</span> <span class='ocrx_word' id='word_1_11' title='bbox 1533 237 1595 272; x_wconf 78' lang='lat' dir='ltr'>de-</span> 
     </span>
     <span class='ocr_line' id='line_1_3' title="bbox 234 298 1595 346; baseline -0.005 -8"><span class='ocrx_word' id='word_1_12' title='bbox 234 301 466 339; x_wconf 78' lang='lat' dir='ltr'>fendendum</span> <span class='ocrx_word' id='word_1_13' title='bbox 500 305 638 334; x_wconf 85' lang='lat' dir='ltr'>textum</span> <span class='ocrx_word' id='word_1_14' title='bbox 670 304 854 343; x_wconf 85' lang='lat' dir='ltr'>nostrum,</span> <span class='ocrx_word' id='word_1_15' title='bbox 890 308 962 343; x_wconf 90' lang='lat' dir='ltr'>quo</span> <span class='ocrx_word' id='word_1_16' title='bbox 998 308 1104 332; x_wconf 87' lang='lat' dir='ltr'>versu</span> <span class='ocrx_word' id='word_1_17' title='bbox 1133 301 1179 335; x_wconf 90' lang='lat'>29</span> <span class='ocrx_word' id='word_1_18' title='bbox 1224 299 1307 333; x_wconf 91' lang='lat' dir='ltr'>ME</span> <span class='ocrx_word' id='word_1_19' title='bbox 1337 298 1487 346; x_wconf 84' lang='lat' dir='ltr'>legitur,</span> <span class='ocrx_word' id='word_1_20' title='bbox 1516 307 1595 331; x_wconf 89' lang='lat' dir='ltr'>mo-</span> 
     </span>
     <span class='ocr_line' id='line_1_4' title="bbox 234 372 391 396; baseline -0.013 0"><span class='ocrx_word' id='word_1_21' title='bbox 234 372 391 396; x_wconf 75' lang='lat' dir='ltr'>nuerlm.</span> 
     </span>
    </p>
   </div>
   <div class='ocr_carea' id='block_1_3' title="bbox 194 431 1599 1070">
    <p class='ocr_par' dir='ltr' id='par_1_3' title="bbox 194 431 1599 1070">
     <span class='ocr_line' id='line_1_5' title="bbox 334 431 1595 480; baseline -0.002 -10"><span class='ocrx_word' id='word_1_22' title='bbox 334 435 441 479; x_wconf 81' lang='lat' dir='ltr'>Dixi,</span> <span class='ocrx_word' id='word_1_23' title='bbox 466 433 511 467; x_wconf 94' lang='lat' dir='ltr'>ab</span> <span class='ocrx_word' id='word_1_24' title='bbox 533 431 739 468; x_wconf 88' lang='lat' dir='ltr'>Eichstadio</span> <span class='ocrx_word' id='word_1_25' title='bbox 762 444 925 478; x_wconf 86' lang='lat' dir='ltr'>quoque,</span> <span class='ocrx_word' id='word_1_26' title='bbox 952 432 1030 466; x_wconf 89' lang='lat' dir='ltr'>viro</span> <span class='ocrx_word' id='word_1_27' title='bbox 1053 431 1204 477; x_wconf 81' lang='lat' dir='ltr'>Illustri‚</span> <span class='ocrx_word' id='word_1_28' title='bbox 1227 432 1484 480; x_wconf 85' lang='lat' dir='ltr'>impugnatum</span> <span class='ocrx_word' id='word_1_29' title='bbox 1506 444 1595 477; x_wconf 86' lang='lat' dir='ltr'>esse,</span> 
     </span>
     <span class='ocr_line' id='line_1_6' title="bbox 194 490 1596 530; baseline -0.004 0"><span class='ocrx_word' id='word_1_30' title='bbox 194 521 197 525; x_wconf 19' lang='lat' dir='ltr'>y</span> <span class='ocrx_word' id='word_1_31' title='bbox 236 495 336 530; x_wconf 89' lang='lat' dir='ltr'>cuius</span> <span class='ocrx_word' id='word_1_32' title='bbox 362 504 514 529; x_wconf 82' lang='lat' dir='ltr'>censura</span> <span class='ocrx_word' id='word_1_33' title='bbox 543 492 583 526; x_wconf 92' lang='lat' dir='ltr'>in</span> <span class='ocrx_word' id='word_1_34' title='bbox 601 491 800 526; x_wconf 81' lang='lat' dir='ltr'>Clarissimi</span> <span class='ocrx_word' id='word_1_35' title='bbox 824 490 988 526; x_wconf 87' lang='lat' dir='ltr'>Seebode</span> <span class='ocrx_word' id='word_1_36' title='bbox 1008 502 1104 525; x_wconf 85' lang='lat' dir='ltr'>nova</span> <span class='ocrx_word' id='word_1_37' title='bbox 1125 490 1208 525; x_wconf 83' lang='lat' dir='ltr'>bibl.</span> <span class='ocrx_word' id='word_1_38' title='bbox 1235 490 1308 525; x_wconf 78' lang='lat' dir='ltr'>crit.</span> <span class='ocrx_word' id='word_1_39' title='bbox 1334 502 1362 525; x_wconf 87' lang='lat' dir='ltr'>a.</span> <span class='ocrx_word' id='word_1_40' title='bbox 1381 495 1596 530; x_wconf 65' lang='lat' dir='ltr'>mccccxxu.</span> 
     </span>
     <span class='ocr_line' id='line_1_7' title="bbox 233 550 1596 598; baseline -0.005 -7"><span class='ocrx_word' id='word_1_41' title='bbox 233 554 313 591; x_wconf 79' lang='lat' dir='ltr'><strong>Vol.</strong></span> <span class='ocrx_word' id='word_1_42' title='bbox 331 553 387 590; x_wconf 87' lang='lat' dir='ltr'>XI</span> <span class='ocrx_word' id='word_1_43' title='bbox 397 560 432 588; x_wconf 84' lang='lat' dir='ltr'>et</span> <span class='ocrx_word' id='word_1_44' title='bbox 445 553 530 588; x_wconf 81' lang='lat' dir='ltr'>XII.</span> <span class='ocrx_word' id='word_1_45' title='bbox 551 551 641 586; x_wconf 82' lang='lat' dir='ltr'>inde</span> <span class='ocrx_word' id='word_1_46' title='bbox 677 563 696 585; x_wconf 88' lang='lat' dir='ltr'>a</span> <span class='ocrx_word' id='word_1_47' title='bbox 718 562 800 598; x_wconf 83' lang='lat' dir='ltr'>pag.</span> <span class='ocrx_word' id='word_1_48' title='bbox 824 562 960 587; x_wconf 73' lang='lat' dir='ltr'>MCxxx,</span> <span class='ocrx_word' id='word_1_49' title='bbox 991 557 1045 585; x_wconf 87' lang='lat' dir='ltr'>est</span> <span class='ocrx_word' id='word_1_50' title='bbox 1077 550 1234 597; x_wconf 82' lang='lat' dir='ltr'>repetita.</span> <span class='ocrx_word' id='word_1_51' title='bbox 1295 551 1373 598; x_wconf 83' lang='lat' dir='ltr'>Qua</span> <span class='ocrx_word' id='word_1_52' title='bbox 1405 555 1596 597; x_wconf 74' lang='lat' dir='ltr'>postquam</span> 
     </span>
     <span class='ocr_line' id='line_1_8' title="bbox 236 608 1597 655; baseline -0.005 -6"><span class='ocrx_word' id='word_1_53' title='bbox 236 612 502 649; x_wconf 83' lang='lat' dir='ltr'>emendationis</span> <span class='ocrx_word' id='word_1_54' title='bbox 526 611 570 644; x_wconf 90' lang='lat' dir='ltr'>ab</span> <span class='ocrx_word' id='word_1_55' title='bbox 596 610 675 643; x_wconf 89' lang='lat' dir='ltr'>aliis</span> <span class='ocrx_word' id='word_1_56' title='bbox 699 610 774 643; x_wconf 88' lang='lat' dir='ltr'>iam</span> <span class='ocrx_word' id='word_1_57' title='bbox 794 617 946 643; x_wconf 84' lang='lat' dir='ltr'>tentatae</span> <span class='ocrx_word' id='word_1_58' title='bbox 970 610 1160 643; x_wconf 83' lang='lat' dir='ltr'>veritatem</span> <span class='ocrx_word' id='word_1_59' title='bbox 1186 622 1207 643; x_wconf 91' lang='lat' dir='ltr'>a</span> <span class='ocrx_word' id='word_1_60' title='bbox 1230 610 1364 644; x_wconf 75' lang='lat' dir='ltr'>Wolfio</span> <span class='ocrx_word' id='word_1_61' title='bbox 1395 610 1443 643; x_wconf 87' lang='lat' dir='ltr'>ita</span> <span class='ocrx_word' id='word_1_62' title='bbox 1470 608 1597 655; x_wconf 85' lang='lat' dir='ltr'>proba·</span> 
     </span>
     <span class='ocr_line' id='line_1_9' title="bbox 235 665 1596 720; baseline -0.004 -11"><span class='ocrx_word' id='word_1_63' title='bbox 235 681 311 709; x_wconf 85' lang='lat' dir='ltr'>tam</span> <span class='ocrx_word' id='word_1_64' title='bbox 335 669 572 720; x_wconf 85' lang='lat' dir='ltr'>praedicavit,</span> <span class='ocrx_word' id='word_1_65' title='bbox 602 673 642 703; x_wconf 83' lang='lat' dir='ltr'>ut</span> <span class='ocrx_word' id='word_1_66' title='bbox 668 667 710 702; x_wconf 83' lang='lat' dir='ltr'>at]</span> <span class='ocrx_word' id='word_1_67' title='bbox 744 666 988 714; x_wconf 87' lang='lat' dir='ltr'>persuadendi</span> <span class='ocrx_word' id='word_1_68' title='bbox 1018 668 1227 703; x_wconf 81' lang='lat' dir='ltr'>firmitatem</span> <span class='ocrx_word' id='word_1_69' title='bbox 1257 667 1351 703; x_wconf 87' lang='lat' dir='ltr'>nihil</span> <span class='ocrx_word' id='word_1_70' title='bbox 1388 665 1596 703; x_wconf 81' lang='lat' dir='ltr'>addendum</span> 
     </span>
     <span class='ocr_line' id='line_1_10' title="bbox 236 727 1597 779; baseline -0.004 -12"><span class='ocrx_word' id='word_1_71' title='bbox 236 731 556 779; x_wconf 82' lang='lat' dir='ltr'>supplendumque</span> <span class='ocrx_word' id='word_1_72' title='bbox 600 727 803 772; x_wconf 81' lang='lat' dir='ltr'>reliquerit3</span> <span class='ocrx_word' id='word_1_73' title='bbox 846 727 973 762; x_wconf 88' lang='lat' dir='ltr'>mirari</span> <span class='ocrx_word' id='word_1_74' title='bbox 1002 739 1041 762; x_wconf 89' lang='lat' dir='ltr'>se</span> <span class='ocrx_word' id='word_1_75' title='bbox 1072 727 1175 772; x_wconf 85' lang='lat' dir='ltr'>dicit,</span> <span class='ocrx_word' id='word_1_76' title='bbox 1208 727 1304 772; x_wconf 91' lang='lat' dir='ltr'>quod</span> <span class='ocrx_word' id='word_1_77' title='bbox 1336 728 1490 762; x_wconf 79' lang='lat' dir='ltr'>VVoifius</span> <span class='ocrx_word' id='word_1_78' title='bbox 1521 737 1597 761; x_wconf 88' lang='lat' dir='ltr'>non</span> 
     </span>
     <span class='ocr_line' id='line_1_11' title="bbox 235 785 1598 832; baseline -0.005 -6"><span class='ocrx_word' id='word_1_79' title='bbox 235 791 395 826; x_wconf 79' lang='lat' dir='ltr'>offensus</span> <span class='ocrx_word' id='word_1_80' title='bbox 420 789 529 823; x_wconf 87' lang='lat' dir='ltr'>fuerit</span> <span class='ocrx_word' id='word_1_81' title='bbox 560 786 727 822; x_wconf 88' lang='lat' dir='ltr'>eiusdem</span> <span class='ocrx_word' id='word_1_82' title='bbox 760 785 930 819; x_wconf 86' lang='lat' dir='ltr'>carminis</span> <span class='ocrx_word' id='word_1_83' title='bbox 960 785 1164 832; x_wconf 86' lang='lat' dir='ltr'>penultimo</span> <span class='ocrx_word' id='word_1_84' title='bbox 1188 796 1313 831; x_wconf 87' lang='lat' dir='ltr'>versu,</span> <span class='ocrx_word' id='word_1_85' title='bbox 1341 797 1472 831; x_wconf 87' lang='lat' dir='ltr'>quem,</span> <span class='ocrx_word' id='word_1_86' title='bbox 1512 795 1598 819; x_wconf 83' lang='lat' dir='ltr'>cum</span> 
     </span>
     <span class='ocr_line' id='line_1_12' title="bbox 237 843 1596 889; baseline -0.004 -6"><span class='ocrx_word' id='word_1_87' title='bbox 237 857 272 883; x_wconf 86' lang='lat' dir='ltr'>et</span> <span class='ocrx_word' id='word_1_88' title='bbox 309 847 475 883; x_wconf 84' lang='lat' dir='ltr'>ordinem</span> <span class='ocrx_word' id='word_1_89' title='bbox 522 845 878 889; x_wconf 85' lang='lat' dir='ltr'>concinnitatemque</span> <span class='ocrx_word' id='word_1_90' title='bbox 917 844 1181 879; x_wconf 88' lang='lat' dir='ltr'>sententiarum</span> <span class='ocrx_word' id='word_1_91' title='bbox 1214 843 1406 889; x_wconf 80' lang='lat' dir='ltr'>disturbet,</span> <span class='ocrx_word' id='word_1_92' title='bbox 1446 852 1481 878; x_wconf 89' lang='lat' dir='ltr'>et</span> <span class='ocrx_word' id='word_1_93' title='bbox 1517 844 1596 878; x_wconf 88' lang='lat' dir='ltr'>vim</span> 
     </span>
     <span class='ocr_line' id='line_1_13' title="bbox 233 902 1598 954; baseline -0.004 -12"><span class='ocrx_word' id='word_1_94' title='bbox 233 905 413 954; x_wconf 66' lang='lat' dir='ltr'>poeticam</span> <span class='ocrx_word' id='word_1_95' title='bbox 441 916 585 953; x_wconf 84' lang='lat' dir='ltr'>prorsus</span> <span class='ocrx_word' id='word_1_96' title='bbox 611 904 802 952; x_wconf 79' lang='lat' dir='ltr'>infringat,</span> <span class='ocrx_word' id='word_1_97' title='bbox 827 910 944 937; x_wconf 87' lang='lat' dir='ltr'>totum</span> <span class='ocrx_word' id='word_1_98' title='bbox 968 910 1154 949; x_wconf 80' lang='lat' dir='ltr'>tamquam</span> <span class='ocrx_word' id='word_1_99' title='bbox 1185 902 1374 951; x_wconf 81' lang='lat' dir='ltr'>putidum,</span> <span class='ocrx_word' id='word_1_100' title='bbox 1406 903 1598 938; x_wconf 83' lang='lat' dir='ltr'>insititium</span> 
     </span>
     <span class='ocr_line' id='line_1_14' title="bbox 236 962 1599 1012; baseline -0.004 -10"><span class='ocrx_word' id='word_1_101' title='bbox 236 975 271 1002; x_wconf 82' lang='lat' dir='ltr'>et</span> <span class='ocrx_word' id='word_1_102' title='bbox 293 966 443 1002; x_wconf 81' lang='lat' dir='ltr'>Horatio</span> <span class='ocrx_word' id='word_1_103' title='bbox 469 967 578 1012; x_wconf 86' lang='lat' dir='ltr'>plane</span> <span class='ocrx_word' id='word_1_104' title='bbox 601 965 797 1012; x_wconf 81' lang='lat' dir='ltr'>indignum</span> <span class='ocrx_word' id='word_1_105' title='bbox 829 976 874 998; x_wconf 85' lang='lat' dir='ltr'>ex</span> <span class='ocrx_word' id='word_1_106' title='bbox 898 963 1144 1010; x_wconf 86' lang='lat' dir='ltr'>pulcherrimo</span> <span class='ocrx_word' id='word_1_107' title='bbox 1182 963 1342 998; x_wconf 83' lang='lat' dir='ltr'>carmine</span> <span class='ocrx_word' id='word_1_108' title='bbox 1378 962 1599 998; x_wconf 88' lang='lat' dir='ltr'>eiiciendum</span> 
     </span>
     <span class='ocr_line' id='line_1_15' title="bbox 237 1017 1598 1070; baseline -0.004 -10"><span class='ocrx_word' id='word_1_109' title='bbox 237 1033 377 1070; x_wconf 84' lang='lat' dir='ltr'>censet,</span> <span class='ocrx_word' id='word_1_110' title='bbox 415 1023 519 1058; x_wconf 88' lang='lat' dir='ltr'>idem</span> <span class='ocrx_word' id='word_1_111' title='bbox 554 1031 590 1058; x_wconf 87' lang='lat' dir='ltr'>et</span> <span class='ocrx_word' id='word_1_112' title='bbox 630 1024 714 1060; x_wconf 89' lang='lat' dir='ltr'>Abr.</span> <span class='ocrx_word' id='word_1_113' title='bbox 740 1024 810 1057; x_wconf 89' lang='lat' dir='ltr'>Iac.</span> <span class='ocrx_word' id='word_1_114' title='bbox 839 1022 1009 1056; x_wconf 83' lang='lat' dir='ltr'>Penzelio</span> <span class='ocrx_word' id='word_1_115' title='bbox 1046 1029 1081 1055; x_wconf 89' lang='lat' dir='ltr'>et</span> <span class='ocrx_word' id='word_1_116' title='bbox 1119 1022 1195 1056; x_wconf 84' lang='lat' dir='ltr'>Car.</span> <span class='ocrx_word' id='word_1_117' title='bbox 1219 1022 1309 1056; x_wconf 90' lang='lat' dir='ltr'>Dav.</span> <span class='ocrx_word' id='word_1_118' title='bbox 1348 1017 1490 1069; x_wconf 85' lang='lat' dir='ltr'>Ilgenio</span> <span class='ocrx_word' id='word_1_119' title='bbox 1523 1022 1598 1067; x_wconf 88' lang='lat' dir='ltr'>pla-</span> 
     </span>
    </p>
   </div>
   <div class='ocr_carea' id='block_1_4' title="bbox 237 1079 1597 1179">
    <p class='ocr_par' dir='ltr' id='par_1_4' title="bbox 237 1079 1597 1179">
     <span class='ocr_line' id='line_1_16' title="bbox 238 1079 1597 1130; baseline -0.003 -11"><span class='ocrx_word' id='word_1_120' title='bbox 238 1085 354 1120; x_wconf 85' lang='lat' dir='ltr'>cuisse</span> <span class='ocrx_word' id='word_1_121' title='bbox 375 1095 531 1118; x_wconf 79' lang='lat' dir='ltr'>narrans.</span> <span class='ocrx_word' id='word_1_122' title='bbox 570 1084 691 1130; x_wconf 83' lang='lat' dir='ltr'>Quam</span> <span class='ocrx_word' id='word_1_123' title='bbox 720 1081 872 1128; x_wconf 89' lang='lat' dir='ltr'>quidem</span> <span class='ocrx_word' id='word_1_124' title='bbox 895 1080 1112 1116; x_wconf 83' lang='lat' dir='ltr'>sententiam</span> <span class='ocrx_word' id='word_1_125' title='bbox 1137 1087 1177 1115; x_wconf 90' lang='lat' dir='ltr'>ut</span> <span class='ocrx_word' id='word_1_126' title='bbox 1202 1080 1318 1129; x_wconf 85' lang='lat' dir='ltr'>magis</span> <span class='ocrx_word' id='word_1_127' title='bbox 1341 1080 1480 1127; x_wconf 88' lang='lat' dir='ltr'>firmet,</span> <span class='ocrx_word' id='word_1_128' title='bbox 1504 1079 1597 1116; x_wconf 83' lang='lat' dir='ltr'>haec</span> 
     </span>
     <span class='ocr_line' id='line_1_17' title="bbox 237 1144 1464 1179; baseline -0.005 0"><span class='ocrx_word' id='word_1_129' title='bbox 237 1144 352 1179; x_wconf 80' lang='lat' dir='ltr'>addit:</span> <span class='ocrx_word' id='word_1_130' title='bbox 1456 1145 1464 1151; x_wconf 64' lang='grc'><strong>“</strong></span> 
     </span>
    </p>
   </div>
   <div class='ocr_carea' id='block_1_5' title="bbox 271 1202 1599 1308">
    <p class='ocr_par' dir='ltr' id='par_1_5' title="bbox 271 1202 1599 1308">
     <span class='ocr_line' id='line_1_18' title="bbox 271 1202 1599 1259; baseline -0.001 -10"><span class='ocrx_word' id='word_1_131' title='bbox 271 1217 435 1259; x_wconf 74' lang='lat' dir='ltr'>„Primum</span> <span class='ocrx_word' id='word_1_132' title='bbox 458 1225 549 1257; x_wconf 81' lang='lat' dir='ltr'>quam</span> <span class='ocrx_word' id='word_1_133' title='bbox 572 1213 762 1246; x_wconf 77' lang='lat' dir='ltr'>inconcinna</span> <span class='ocrx_word' id='word_1_134' title='bbox 784 1217 816 1246; x_wconf 86' lang='lat' dir='ltr'>et</span> <span class='ocrx_word' id='word_1_135' title='bbox 840 1213 974 1246; x_wconf 80' lang='lat' dir='ltr'>distorta</span> <span class='ocrx_word' id='word_1_136' title='bbox 996 1217 1046 1246; x_wconf 85' lang='lat' dir='ltr'>est</span> <span class='ocrx_word' id='word_1_137' title='bbox 1067 1202 1215 1255; x_wconf 74' lang='lat' dir='ltr'>periodus</span> <span class='ocrx_word' id='word_1_138' title='bbox 1237 1213 1378 1256; x_wconf 68' lang='lat' dir='ltr'>poetica,</span> <span class='ocrx_word' id='word_1_139' title='bbox 1400 1214 1428 1247; x_wconf 86' lang='lat' dir='ltr'>si</span> <span class='ocrx_word' id='word_1_140' title='bbox 1451 1215 1599 1248; x_wconf 73' lang='lat' dir='ltr'>enuncia-</span> 
     </span>
     <span class='ocr_line' id='line_1_19' title="bbox 276 1265 1411 1308; baseline -0.004 -8"><span class='ocrx_word' id='word_1_141' title='bbox 276 1268 441 1308; x_wconf 84' lang='lat' dir='ltr'>„tionibus</span> <span class='ocrx_word' id='word_1_142' title='bbox 464 1272 537 1308; x_wconf 79' lang='lat' dir='ltr'>apte</span> <span class='ocrx_word' id='word_1_143' title='bbox 558 1266 746 1306; x_wconf 81' lang='lat' dir='ltr'>compositis</span> <span class='ocrx_word' id='word_1_144' title='bbox 774 1270 1046 1306; x_wconf 80' lang='lat' dir='ltr'>congruenterque</span> <span class='ocrx_word' id='word_1_145' title='bbox 1067 1265 1127 1295; x_wconf 86' lang='lat' dir='ltr'>sibi</span> <span class='ocrx_word' id='word_1_146' title='bbox 1149 1265 1411 1306; x_wconf 80' lang='lat' dir='ltr'>respondentibus</span> 
     </span>
    </p>
   </div>
   <div class='ocr_carea' id='block_1_6' title="bbox 360 1341 1205 1536">
    <p class='ocr_par' dir='ltr' id='par_1_6' title="bbox 360 1341 1205 1536">
     <span class='ocr_line' id='line_1_20' title="bbox 361 1341 1162 1384; baseline -0.004 -9"><span class='ocrx_word' id='word_1_147' title='bbox 361 1355 414 1384; x_wconf 81' lang='lat'>29.</span> <span class='ocrx_word' id='word_1_148' title='bbox 436 1344 494 1376; x_wconf 87' lang='lat' dir='ltr'>TE</span> <span class='ocrx_word' id='word_1_149' title='bbox 520 1343 682 1374; x_wconf 86' lang='lat' dir='ltr'>doctarum</span> <span class='ocrx_word' id='word_1_150' title='bbox 705 1342 819 1373; x_wconf 82' lang='lat' dir='ltr'>ederae</span> <span class='ocrx_word' id='word_1_151' title='bbox 848 1342 985 1382; x_wconf 79' lang='lat' dir='ltr'>praemia</span> <span class='ocrx_word' id='word_1_152' title='bbox 1007 1341 1162 1373; x_wconf 86' lang='lat' dir='ltr'>frontium</span> 
     </span>
     <span class='ocr_line' id='line_1_21' title="bbox 360 1392 1205 1434; baseline 0 -10"><span class='ocrx_word' id='word_1_153' title='bbox 360 1405 413 1434; x_wconf 79' lang='lat'>50.</span> <span class='ocrx_word' id='word_1_154' title='bbox 434 1394 493 1426; x_wconf 79' lang='lat' dir='ltr'>Dis</span> <span class='ocrx_word' id='word_1_155' title='bbox 514 1394 653 1425; x_wconf 85' lang='lat' dir='ltr'>miscent</span> <span class='ocrx_word' id='word_1_156' title='bbox 673 1393 815 1433; x_wconf 86' lang='lat' dir='ltr'>superis:</span> <span class='ocrx_word' id='word_1_157' title='bbox 845 1393 908 1423; x_wconf 91' lang='lat' dir='ltr'>ME</span> <span class='ocrx_word' id='word_1_158' title='bbox 931 1392 1070 1433; x_wconf 85' lang='lat' dir='ltr'>gelidum</span> <span class='ocrx_word' id='word_1_159' title='bbox 1092 1402 1205 1424; x_wconf 85' lang='lat' dir='ltr'>nemus</span> 
     </span>
     <span class='ocr_line' id='line_1_22' title="bbox 361 1441 1190 1485; baseline 0 -11"><span class='ocrx_word' id='word_1_160' title='bbox 361 1453 413 1483; x_wconf 77' lang='lat'>51.</span> <span class='ocrx_word' id='word_1_161' title='bbox 437 1444 719 1485; x_wconf 81' lang='lat' dir='ltr'>Nympharumque</span> <span class='ocrx_word' id='word_1_162' title='bbox 747 1442 836 1473; x_wconf 85' lang='lat' dir='ltr'>leves</span> <span class='ocrx_word' id='word_1_163' title='bbox 863 1451 936 1474; x_wconf 87' lang='lat' dir='ltr'>cum</span> <span class='ocrx_word' id='word_1_164' title='bbox 956 1441 1077 1485; x_wconf 82' lang='lat' dir='ltr'>Satyris</span> <span class='ocrx_word' id='word_1_165' title='bbox 1101 1442 1190 1474; x_wconf 86' lang='lat' dir='ltr'>chori</span> 
     </span>
     <span class='ocr_line' id='line_1_23' title="bbox 364 1494 771 1536; baseline 0 -11"><span class='ocrx_word' id='word_1_166' title='bbox 364 1506 416 1535; x_wconf 79' lang='lat'>52.</span> <span class='ocrx_word' id='word_1_167' title='bbox 439 1495 613 1528; x_wconf 88' lang='lat' dir='ltr'>Secernunt</span> <span class='ocrx_word' id='word_1_168' title='bbox 635 1494 771 1536; x_wconf 86' lang='lat' dir='ltr'>populo,</span> 
     </span>
    </p>
   </div>
   <div class='ocr_carea' id='block_1_7' title="bbox 280 1561 1244 1604">
    <p class='ocr_par' dir='ltr' id='par_1_7' title="bbox 280 1561 1244 1604">
     <span class='ocr_line' id='line_1_24' title="bbox 280 1561 1244 1604; baseline -0.003 -9"><span class='ocrx_word' id='word_1_169' title='bbox 280 1565 366 1604; x_wconf 84' lang='lat' dir='ltr'>„ista</span> <span class='ocrx_word' id='word_1_170' title='bbox 389 1563 560 1594; x_wconf 82' lang='lat' dir='ltr'>dubitativa</span> <span class='ocrx_word' id='word_1_171' title='bbox 582 1562 745 1600; x_wconf 88' lang='lat' dir='ltr'>conditio,</span> <span class='ocrx_word' id='word_1_172' title='bbox 783 1562 871 1593; x_wconf 86' lang='lat' dir='ltr'>velut</span> <span class='ocrx_word' id='word_1_173' title='bbox 902 1562 1015 1599; x_wconf 84' lang='lat' dir='ltr'>cauda,</span> <span class='ocrx_word' id='word_1_174' title='bbox 1039 1561 1244 1603; x_wconf 58' lang='lat' dir='ltr'>appenditur&amp;</span> 
     </span>
    </p>
   </div>
   <div class='ocr_carea' id='block_1_8' title="bbox 360 1629 1088 1772">
    <p class='ocr_par' dir='ltr' id='par_1_8' title="bbox 360 1629 1088 1772">
     <span class='ocr_line' id='line_1_25' title="bbox 780 1629 1060 1672; baseline -0.004 -10"><span class='ocrx_word' id='word_1_175' title='bbox 780 1630 807 1662; x_wconf 86' lang='lat' dir='ltr'>si</span> <span class='ocrx_word' id='word_1_176' title='bbox 841 1640 945 1672; x_wconf 89' lang='lat' dir='ltr'>neque</span> <span class='ocrx_word' id='word_1_177' title='bbox 967 1629 1060 1661; x_wconf 83' lang='lat' dir='ltr'>tibias</span> 
     </span>
     <span class='ocr_line' id='line_1_26' title="bbox 361 1681 1088 1723; baseline -0.001 -10"><span class='ocrx_word' id='word_1_178' title='bbox 361 1692 413 1722; x_wconf 78' lang='lat'>55.</span> <span class='ocrx_word' id='word_1_179' title='bbox 438 1682 579 1723; x_wconf 85' lang='lat' dir='ltr'>Euterpe</span> <span class='ocrx_word' id='word_1_180' title='bbox 607 1681 750 1719; x_wconf 84' lang='lat' dir='ltr'>cohibet,</span> <span class='ocrx_word' id='word_1_181' title='bbox 786 1692 846 1712; x_wconf 77' lang='lat' dir='ltr'>ne:</span> <span class='ocrx_word' id='word_1_182' title='bbox 877 1681 1088 1722; x_wconf 70' lang='lat' dir='ltr'>Polyhymnia</span> 
     </span>
     <span class='ocr_line' id='line_1_27' title="bbox 360 1730 1077 1772; baseline 0 -9"><span class='ocrx_word' id='word_1_183' title='bbox 360 1744 411 1772; x_wconf 80' lang='lat'>54.</span> <span class='ocrx_word' id='word_1_184' title='bbox 434 1733 596 1765; x_wconf 89' lang='lat' dir='ltr'>Lesboum</span> <span class='ocrx_word' id='word_1_185' title='bbox 626 1731 744 1772; x_wconf 84' lang='lat' dir='ltr'>refugit</span> <span class='ocrx_word' id='word_1_186' title='bbox 769 1732 902 1762; x_wconf 83' lang='lat' dir='ltr'>tendere</span> <span class='ocrx_word' id='word_1_187' title='bbox 922 1730 1077 1763; x_wconf 79' lang='lat' dir='ltr'>barbiton.</span> 
     </span>
    </p>
   </div>
   <div class='ocr_carea' id='block_1_9' title="bbox 279 1797 1368 1843">
    <p class='ocr_par' dir='ltr' id='par_1_9' title="bbox 279 1797 1368 1843">
     <span class='ocr_line' id='line_1_28' title="bbox 279 1797 1368 1843; baseline -0.003 -10"><span class='ocrx_word' id='word_1_188' title='bbox 279 1802 404 1840; x_wconf 70' lang='lat' dir='ltr'>„Quam</span> <span class='ocrx_word' id='word_1_189' title='bbox 425 1801 576 1843; x_wconf 62' lang='lat' dir='ltr'>Iunguide</span> <span class='ocrx_word' id='word_1_190' title='bbox 596 1799 803 1842; x_wconf 75' lang='lat' dir='ltr'>appendicem</span> <span class='ocrx_word' id='word_1_191' title='bbox 834 1799 922 1830; x_wconf 73' lang='lat' dir='ltr'>iilum</span> <span class='ocrx_word' id='word_1_192' title='bbox 945 1800 1086 1838; x_wconf 83' lang='lat' dir='ltr'>sequitur</span> <span class='ocrx_word' id='word_1_193' title='bbox 1105 1797 1253 1840; x_wconf 82' lang='lat' dir='ltr'>periodus</span> <span class='ocrx_word' id='word_1_194' title='bbox 1275 1799 1368 1831; x_wconf 79' lang='lat' dir='ltr'>haec:</span> 
     </span>
    </p>
   </div>
   <div class='ocr_carea' id='block_1_10' title="bbox 364 1866 1100 1958">
    <p class='ocr_par' dir='ltr' id='par_1_10' title="bbox 364 1866 1100 1958">
     <span class='ocr_line' id='line_1_29' title="bbox 364 1866 1100 1909; baseline -0.005 -9"><span class='ocrx_word' id='word_1_195' title='bbox 364 1878 413 1907; x_wconf 75' lang='lat'>35.</span> <span class='ocrx_word' id='word_1_196' title='bbox 437 1869 560 1906; x_wconf 78' lang='lat' dir='ltr'>Quodsi</span> <span class='ocrx_word' id='word_1_197' title='bbox 590 1878 642 1899; x_wconf 85' lang='lat' dir='ltr'>me</span> <span class='ocrx_word' id='word_1_198' title='bbox 679 1866 789 1909; x_wconf 86' lang='lat' dir='ltr'>lyricis</span> <span class='ocrx_word' id='word_1_199' title='bbox 817 1866 938 1898; x_wconf 87' lang='lat' dir='ltr'>vatibus</span> <span class='ocrx_word' id='word_1_200' title='bbox 967 1866 1100 1905; x_wconf 86' lang='lat' dir='ltr'>inseris,</span> 
     </span>
     <span class='ocr_line' id='line_1_30' title="bbox 364 1917 981 1958; baseline -0.006 -6"><span class='ocrx_word' id='word_1_201' title='bbox 364 1920 415 1958; x_wconf 76' lang='grc'>56.</span> <span class='ocrx_word' id='word_1_202' title='bbox 439 1918 573 1952; x_wconf 67' lang='lat' dir='ltr'>Sublimi</span> <span class='ocrx_word' id='word_1_203' title='bbox 592 1919 704 1951; x_wconf 72' lang='lat' dir='ltr'>fex-ism</span> <span class='ocrx_word' id='word_1_204' title='bbox 726 1917 830 1950; x_wconf 90' lang='lat' dir='ltr'>sidera</span> <span class='ocrx_word' id='word_1_205' title='bbox 851 1917 981 1949; x_wconf 81' lang='lat' dir='ltr'>vertice.</span> 
     </span>
    </p>
   </div>
   <div class='ocr_carea' id='block_1_11' title="bbox 275 1983 1596 2080">
    <p class='ocr_par' dir='ltr' id='par_1_11' title="bbox 275 1983 1596 2080">
     <span class='ocr_line' id='line_1_31' title="bbox 279 1983 1596 2030; baseline 0.002 -11"><span class='ocrx_word' id='word_1_206' title='bbox 279 1986 390 2027; x_wconf 79' lang='lat' dir='ltr'>„Num</span> <span class='ocrx_word' id='word_1_207' title='bbox 411 1987 475 2018; x_wconf 84' lang='lat' dir='ltr'>uno</span> <span class='ocrx_word' id='word_1_208' title='bbox 499 1988 614 2019; x_wconf 71' lang='lat' dir='ltr'>hocin</span> <span class='ocrx_word' id='word_1_209' title='bbox 634 1989 708 2019; x_wconf 86' lang='lat' dir='ltr'>loco</span> <span class='ocrx_word' id='word_1_210' title='bbox 740 1992 806 2018; x_wconf 80' lang='lat' dir='ltr'>tam</span> <span class='ocrx_word' id='word_1_211' title='bbox 836 1987 1022 2017; x_wconf 83' lang='lat' dir='ltr'>invenustus</span> <span class='ocrx_word' id='word_1_212' title='bbox 1050 1984 1111 2017; x_wconf 87' lang='lat' dir='ltr'>fuit</span> <span class='ocrx_word' id='word_1_213' title='bbox 1140 1983 1310 2023; x_wconf 85' lang='lat' dir='ltr'>Horatius,</span> <span class='ocrx_word' id='word_1_214' title='bbox 1346 1989 1382 2018; x_wconf 84' lang='lat' dir='ltr'>ut</span> <span class='ocrx_word' id='word_1_215' title='bbox 1415 1987 1447 2018; x_wconf 87' lang='lat' dir='ltr'>in</span> <span class='ocrx_word' id='word_1_216' title='bbox 1483 1998 1596 2030; x_wconf 70' lang='lat' dir='ltr'>magns</span> 
     </span>
     <span class='ocr_line' id='line_1_32' title="bbox 275 2036 1596 2080; baseline 0 -8"><span class='ocrx_word' id='word_1_217' title='bbox 275 2038 530 2080; x_wconf 63' lang='lat' dir='ltr'>„sementim-um</span> <span class='ocrx_word' id='word_1_218' title='bbox 551 2043 653 2071; x_wconf 77' lang='lat' dir='ltr'>semet</span> <span class='ocrx_word' id='word_1_219' title='bbox 673 2038 809 2070; x_wconf 83' lang='lat' dir='ltr'>invicem</span> <span class='ocrx_word' id='word_1_220' title='bbox 833 2037 1056 2079; x_wconf 77' lang='lat' dir='ltr'>excipientium</span> <span class='ocrx_word' id='word_1_221' title='bbox 1078 2036 1286 2080; x_wconf 48' lang='lat' dir='ltr'>sequniitatffi</span> <span class='ocrx_word' id='word_1_222' title='bbox 1307 2045 1386 2078; x_wconf 76' lang='lat' dir='ltr'>qnae</span> <span class='ocrx_word' id='word_1_223' title='bbox 1404 2038 1441 2070; x_wconf 87' lang='lat' dir='ltr'>ad</span> <span class='ocrx_word' id='word_1_224' title='bbox 1465 2041 1596 2072; x_wconf 64' lang='lat' dir='ltr'>eandem</span> 
     </span>
    </p>
   </div>
   <div class='ocr_carea' id='block_1_12' title="bbox 1528 2102 1595 2123">
    <p class='ocr_par' dir='ltr' id='par_1_12' title="bbox 1528 2102 1595 2123">
     <span class='ocr_line' id='line_1_33' title="bbox 1528 2102 1595 2123; baseline 0.015 -1"><span class='ocrx_word' id='word_1_225' title='bbox 1528 2102 1595 2123; x_wconf 76' lang='lat'>01¹8-</span> 
     </span>
    </p>
   </div>
  </div>
 </body>
</html>
