1797 2311
883 86 984 132 25·

237 182 321 208 cum
341 170 387 209 iis
399 198 411 220 ‚
435 183 528 219 quae
550 170 716 219 proxime
739 178 958 219 sequuntur:

457 239 521 272 Sed
551 239 711 272 bellicosis
745 240 810 272 fat·
838 239 1012 278 Quiritibus

455 289 524 322 Hac
545 290 619 332 lege
643 292 734 328 dico,
765 301 806 322 ne
833 290 965 321 nimium
987 289 1031 332 pii

539 340 707 382 Rebusque
730 340 866 372 fidentes
893 340 993 371 avitae

600 391 701 424 Tecta
728 391 830 423 velint
862 400 1005 432 reparare
1038 390 1173 429 Troiae,

234 462 324 497 quae
354 458 471 486 metro
500 452 649 499 spoliata
671 452 770 487 haud
797 463 904 500 supra
927 464 1075 500 prosam
1099 452 1300 488 orationem
1322 464 1470 502 surgere
1493 452 1589 499 quis-

230 521 299 556 que
330 511 508 545 fatebitur.

331 577 426 626 Quid
437 578 458 613 2
479 577 574 624 quod
600 589 649 612 ne
685 578 854 613 secularis
879 578 1032 624 quidem
1055 578 1226 613 carminis
1252 578 1390 615 exitus:

457 646 546 678 Haec
576 646 685 678 Iovem
705 646 825 678 sentire
845 645 995 687 Deosque
1016 652 1167 685 cunctos,

456 696 552 739 Spem
577 697 690 728 bonam
712 702 891 736 certumque
918 697 1048 728 domum
1072 702 1219 740 reporto,

535 747 659 780 Doctus
686 751 719 778 et
747 746 864 778 Phoebi
891 747 1006 779 chorus
1037 751 1070 779 et
1098 747 1218 779 Dianae

617 798 733 831 Dicere
762 798 881 829 laudes.

229 862 272 897 in
295 861 491 896 verborum
513 860 656 895 delectu
677 867 818 906 praeter
841 871 1042 895 numerum
1071 860 1251 895 eximium
1272 860 1360 906 quid
1383 866 1544 896 ostentat.

349 946 479 980 Nostro
514 951 633 978 autem
670 943 752 977 loco
783 943 963 977 maiorem
995 950 1161 978 ornatum
1196 955 1245 978 ne
1269 942 1587 980 accommodatum

228 1002 380 1048 quidem
405 1013 545 1036 censeo.
597 1002 658 1037 Nil
683 1002 785 1035 enim
808 1001 906 1047 cupit
926 1001 1091 1047 Flaccus,
1111 1002 1182 1036 nisi
1204 1009 1245 1036 ut
1272 1003 1317 1036 ab
1342 1003 1461 1036 amico
1490 1002 1586 1035 inter

230 1062 360 1109 lyricos
389 1067 510 1109 poetas
535 1061 716 1095 referatur.
766 1061 847 1094 Hoc
869 1060 1058 1106 profitens,
1098 1061 1131 1095 si
1163 1061 1340 1108 ampullas
1378 1060 1588 1108 proiecisset

223 1122 266 1157 'et
289 1120 552 1168 sesquipedalia
578 1119 706 1164 verba3
747 1119 904 1164 mirum,
941 1119 982 1153 ni
1006 1121 1202 1154 Maecenas
1238 1121 1511 1166 exquisitiorem
1550 1126 1587 1154 et

230 1181 474 1231 grandiloquis
499 1180 619 1215 modis
644 1185 856 1226 pompatam
881 1177 1030 1214 laudem
1055 1191 1076 1214 a
1105 1191 1144 1215 se
1179 1180 1381 1227 exspectari
1414 1186 1586 1227 putasset.

229 1241 398 1285 Accedit,
421 1240 518 1286 quod
549 1240 643 1273 inter
666 1239 796 1283 lyricos
822 1238 945 1272 locum
975 1239 1168 1275 ambientis
1196 1252 1279 1286 spes
1314 1240 1360 1274 iis
1391 1240 1584 1284 nitebatur,

191 1314 195 1321 ⁴
230 1300 384 1347 quaein
407 1298 573 1345 proxime
600 1296 895 1331 antecedentibus
924 1297 1083 1331 versibus
1106 1297 1153 1332 de
1179 1297 1305 1332 divino
1332 1298 1471 1343 furore,
1511 1310 1583 1345 quo

230 1370 362 1394 canens
398 1357 632 1403 percellatur,
671 1356 817 1390 dixerat.
893 1355 968 1390 Ubi
998 1363 1122 1391 autem
1153 1356 1199 1391 ad
1228 1357 1344 1403 priora
1372 1357 1584 1403 respicitur,

228 1416 395 1462 quodsi
419 1416 516 1448 bene
541 1414 632 1459 dici,
656 1425 732 1448 non
754 1421 827 1458 est,
857 1414 955 1459 quod
977 1415 1141 1460 probem.
1191 1416 1310 1461 Quare
1332 1423 1374 1449 ut
1400 1416 1476 1450 sola
1506 1427 1585 1450 me-

228 1476 299 1512 lica
322 1473 463 1510 Horatii
489 1472 649 1507 carmina
672 1479 893 1519 spectemuS,
927 1479 1069 1518 praeter
1093 1480 1258 1508 nostrum
1282 1474 1407 1509 locum
1432 1481 1467 1509 et
1486 1487 1584 1521 eum,

233 1547 345 1582 quem
373 1532 596 1568 Eichstadius
623 1532 701 1577 ipse
725 1531 883 1565 laudavit
908 1530 962 1574 (Ι.
988 1536 1055 1574 24,
1080 1536 1163 1577 13.)
1197 1533 1265 1567 sub
1288 1534 1405 1568 finem
1438 1547 1582 1579 quoque

230 1606 338 1630 carm.
357 1594 425 1628 111.
450 1602 498 1637 1.,
525 1590 622 1637 quod.
646 1589 837 1637 splendido
858 1590 978 1625 initio:
1002 1590 1090 1626 Odi
1118 1591 1370 1638 profanum
1394 1593 1580 1640 vulgus,

226 1652 550 1690 celebratissimum
576 1657 645 1697 est,
667 1651 828 1686 occurrit.
888 1651 957 1686 His
979 1651 1081 1686 enim
1102 1651 1264 1687 versibus
1294 1652 1467 1687 clauditur
1507 1651 1582 1688 hoc

229 1722 400 1747 carmen:

428 1768 593 1815 Quodsi
622 1775 784 1808 dolentem
807 1786 867 1808 nec
894 1776 1048 1818 Phrygius
1069 1775 1148 1819 lapis

429 1828 498 1860 Nec
527 1835 730 1867 purpurarum
762 1827 867 1858 sidere
888 1828 1002 1858 clarior

511 1876 634 1909 Delinit
656 1887 749 1915 usus,
783 1887 843 1908 nec
864 1877 992 1909 Falerna

596 1927 700 1967 Vitis,
735 1928 1046 1970 Achaemeniumque
1067 1932 1210 1963 costum:

1040 1998 1105 2037 (4)
