1797 2311
863 171 883 205 Ζι

319 258 458 295 Nostris
482 256 725 304 temporibus,
758 255 887 301 quibus
914 264 949 291 et
980 256 1074 291 vitae
1107 264 1313 293 terrestrem
1337 257 1433 293 hanc
1462 268 1562 294 secu-

200 326 302 352 turae
340 329 421 363 spes
454 325 559 351 nova·
586 316 681 362 cepit
710 315 953 361 incrementa,
1002 316 1193 362 famaeque
1228 317 1453 364 perpetuitati
1485 316 1564 363 ipsa

203 376 374 411 facilitate
387 402 398 420 ‚
439 386 508 421 qua
539 385 661 408 rerum
687 380 873 421 gestarum
898 375 1079 408 memoria
1110 375 1297 425 literarum
1324 375 1563 410 monimentis

210 447 294 470 aere
325 432 603 482 perennioribus
636 440 796 468 servatur
828 440 863 468 et
885 428 1104 481 divulgatur,
1132 432 1286 479 melius,
1319 445 1431 480 quam
1455 434 1561 479 olim,

203 494 411 528 consultum
433 499 505 536 est,
532 499 760 538 posterorum
795 492 945 537 quidem
968 492 1139 526 continua
1174 492 1269 526 serie
1306 492 1352 526 ad
1369 492 1564 528 ¹tuendam

203 552 350 588 illustris
371 550 536 586 nominis
563 550 783 585 memoriam
806 560 895 597 opus
926 560 1001 584 non
1025 557 1097 585 est:
1149 549 1268 584 nihilo
1292 557 1416 584 tamen
1439 550 1563 585 minus

202 614 243 646 in
267 612 369 657 prole
396 622 510 654 eaque
534 610 694 643 mascula
715 621 904 643 mansurae
931 609 974 643 ad
1002 609 1249 656 posteritatem
1270 609 1448 644 clarorum
1470 608 1562 644 viro·

201 681 287 704 rum
310 667 507 703 celebritati
532 667 774 701 certissimum
796 666 1019 712 praesidium
1041 667 1223 713 plerisque
1238 667 1378 701 videtur
1390 667 1560 713 positum,

202 728 406 774 eademque
439 725 524 761 ideo
561 725 682 773 expeti
721 725 812 761 solet
853 737 900 761 eo
940 725 1200 762 ardentioribus
1238 725 1347 771 votis,
1386 737 1456 772 quo
1480 725 1559 772 quis

202 787 334 821 maiori
361 787 439 819 iure
467 792 693 830 posterorum
719 786 941 819 memoriam
967 786 1039 819 sibi
1062 779 1189 819 deberi
1218 786 1407 819 existimat.

333 846 412 893 Qua
440 841 590 890 quidem
620 842 661 877 in
685 854 725 878 re
752 842 788 878 id
821 843 944 891 ipsum
977 842 1114 878 mirum
1144 849 1259 890 potest
1290 842 1428 888 videri,
1463 841 1559 888 quod

202 904 414 952 paucissimi
442 910 546 947 sunt,
582 904 644 948 qui
677 904 899 938 memoriam
925 915 1031 938 suam
1058 904 1258 951 progenie,
1297 915 1407 949 quam
1449 903 1559 937 relin-

201 970 335 1009 quant,
359 961 452 996 ultra
477 961 644 996 seculum
664 973 774 995 suum
801 962 993 1009 propagari
1023 962 1183 996 videant:
1225 962 1337 1008 idque
1369 972 1445 996 non
1476 972 1558 995 eam

197 1024 246 1057 ob
277 1033 447 1065 causam,
485 1020 582 1065 quod
606 1022 772 1055 Homero
798 1020 918 1055 iudice

282 1087 392 1122 παῦροι
421 1085 479 1127 'rip
507 1097 552 1116 τοι
573 1086 682 1120 παῖδας
702 1085 799 1123 ὁμοῖοι
819 1087 912 1127 πατρὶ
935 1087 1104 1123 πέλονται,

285 1148 312 1179 οἶ
333 1147 394 1179 πλὶ
383 1156 460 1181 -ονις
480 1148 617 1184 κακῖουε,
643 1145 750 1187 ταῦροι
775 1146 808 1177 δι
828 1157 863 1177 τι
882 1146 997 1189 τατρδς
1017 1146 1146 1190 ὅρκους,

199 1209 265 1245 sed
293 1217 439 1257 propter
459 1209 579 1255 ipsam
596 1220 725 1242 eorum
741 1209 980 1255 paucitatem,
996 1209 1125 1255 quibus
1143 1208 1237 1244 vivis
1259 1216 1410 1256 nepotes
1436 1219 1457 1244 e
1478 1208 1558 1244 filio

198 1278 294 1306 ortos
329 1269 467 1304 habere
498 1266 691 1315 contingat.

318 1329 442 1365 Prima
470 1326 559 1361 hinc
588 1322 787 1372 repetenda
813 1325 957 1361 videtur
981 1337 1107 1372 causa,
1148 1336 1259 1371 quare
1285 1325 1557 1361 semiseculares

191 1391 310 1437 ferias,
324 1402 414 1437 quas
427 1388 597 1425 omnium
616 1389 791 1435 applausu
811 1388 887 1424 iam
906 1389 995 1436 agis,
1019 1383 1097 1428 Vis
1111 1391 1273 1428 summe
1290 1382 1554 1439 Venerande5

193 1454 274 1487 iure
308 1442 417 1486 Tibi
452 1451 686 1498 gratulemur.
758 1450 986 1486 Laetissimis
1020 1452 1122 1486 enim
1151 1446 1298 1486 vocibus
1329 1451 1414 1485 licet
1451 1462 1553 1486 aures

193 1517 334 1544 nostras
356 1509 649 1574 εἱηυωᾶτερᾶῐ,
676 1509 790 1555 ipsius
821 1516 943 1543 tamen
968 1511 1111 1556 aetatis,
1132 1521 1226 1555 quae
1245 1503 1468 1545 celebrandis
1492 1509 1556 1544 iis1·

196 1569 284 1603 dem
313 1553 545 1613 requiratur?
551 1565 596 1601 ad
618 1566 703 1613 alia,
729 1566 828 1602 unde
849 1568 1070 1604 revocandus
1099 1579 1198 1603 nunc
1225 1574 1280 1603 est
1300 1568 1466 1611 animus,
1494 1568 1555 1602 aba

193 1628 315 1675 ripere
336 1637 403 1661 nos
423 1625 531 1660 facile
548 1633 689 1672 posset,
726 1627 798 1662 nisi
820 1627 983 1675 gratandi
1009 1628 1142 1675 causis,
1180 1638 1267 1675 quas
1293 1626 1469 1674 plurimas
1491 1626 1554 1661 ha-

192 1688 340 1730 bemus,
366 1684 519 1731 paulum
537 1683 721 1720 immorati
742 1685 930 1722 fuerimus.

319 1745 450 1791 Neque
483 1753 572 1778 vero
608 1743 684 1778 sola
716 1745 875 1790 paucitas
902 1755 1051 1790 eorum,
1088 1756 1180 1791 quos
1221 1748 1373 1791 nepotes
1413 1752 1435 1776 e
1456 1741 1553 1776 virili?

192 1805 303 1851 stirpe
330 1815 394 1839 sua
423 1802 493 1838 orti
521 1803 624 1848 iique
650 1804 709 1838 vel
730 1803 975 1841 adolescentes
1000 1804 1060 1839 vel
1086 1804 1199 1839 adulti
1223 1802 1342 1852 gentis
1371 1808 1409 1836 et
1433 1802 1553 1837 nomi*

193 1861 253 1895 nis
278 1860 577 1908 propagationem
598 1871 742 1908 sperare
762 1861 909 1906 iubent,
928 1862 1121 1908 nepotibus
1142 1861 1286 1896 florenti
1303 1855 1411 1899 Tibi
1441 1871 1551 1906 pecu-

191 1917 325 1952 liarem
339 1915 496 1951 laetandi
524 1928 669 1954 causam
692 1917 860 1966 praebet3
884 1916 946 1953 sed
969 1917 1049 1966 ipsa
1063 1918 1222 1955 filim-um
1230 1912 1429 1960 Tuomm
1454 1917 1549 1952 cele-

190 1974 312 2017 britas,
336 1985 430 2020 quae
454 1985 540 2009 cum
569 1975 616 2010 ad
640 1975 853 2022 splendoris
874 1974 915 2009 in
943 1975 1098 2011 domum
1124 1972 1262 2018 Tuam
1283 1990 1305 2013 a
1330 1971 1399 2016 Te
1431 1979 1549 2015 collati

191 2030 505 2067 continuationem
524 2031 727 2078 plurimum
753 2031 930 2079 conferat,
956 2039 1036 2068 tum
1062 2033 1307 2083 novisiisque
1325 2034 1551 2084 gravissimis

1419 2092 1548 2129 adhor-
