<?xml version="1.0" encoding="UTF-8"?>
<!DOCTYPE html PUBLIC "-//W3C//DTD XHTML 1.0 Transitional//EN"
    "http://www.w3.org/TR/xhtml1/DTD/xhtml1-transitional.dtd">
<html xmlns="http://www.w3.org/1999/xhtml" xml:lang="en" lang="en">
 <head>
  <title>
</title>
<meta http-equiv="Content-Type" content="text/html;charset=utf-8" />
  <meta name='ocr-system' content='tesseract 3.04.00' />
  <meta name='ocr-capabilities' content='ocr_page ocr_carea ocr_par ocr_line ocrx_word'/>
</head>
<body>
  <div class='ocr_page' id='page_1' title='image "./4627459_0029.png"; bbox 0 0 1797 2311; ppageno 0'>
   <div class='ocr_carea' id='block_1_1' title="bbox 870 64 916 97">
    <p class='ocr_par' dir='ltr' id='par_1_1' title="bbox 870 64 916 97">
     <span class='ocr_line' id='line_1_1' title="bbox 870 64 916 97; baseline -0.022 0"><span class='ocrx_word' id='word_1_1' title='bbox 870 64 916 97; x_wconf 80' lang='lat'>21</span> 
     </span>
    </p>
   </div>
   <div class='ocr_carea' id='block_1_2' title="bbox 813 109 974 117">
    <p class='ocr_par' dir='ltr' id='par_1_2' title="bbox 813 109 974 117">
     <span class='ocr_line' id='line_1_2' title="bbox 813 109 974 117; baseline 0 2194"><span class='ocrx_word' id='word_1_2' title='bbox 813 109 974 117; x_wconf 95' lang='lat' dir='ltr'> </span> 
     </span>
    </p>
   </div>
   <div class='ocr_carea' id='block_1_3' title="bbox 259 144 1574 243">
    <p class='ocr_par' dir='ltr' id='par_1_3' title="bbox 259 144 1574 243">
     <span class='ocr_line' id='line_1_3' title="bbox 260 144 1574 191; baseline 0 -8"><span class='ocrx_word' id='word_1_3' title='bbox 260 159 437 191; x_wconf 79' lang='lat' dir='ltr'>·‚,suorum;</span> <span class='ocrx_word' id='word_1_4' title='bbox 460 144 775 190; x_wconf 66' lang='lat' dir='ltr'>eumquecosgerit,</span> <span class='ocrx_word' id='word_1_5' title='bbox 797 148 926 187; x_wconf 78' lang='lat' dir='ltr'>propter</span> <span class='ocrx_word' id='word_1_6' title='bbox 946 144 1009 178; x_wconf 89' lang='lat' dir='ltr'>hoc</span> <span class='ocrx_word' id='word_1_7' title='bbox 1037 145 1174 180; x_wconf 71' lang='lat' dir='ltr'>tribua</span> <span class='ocrx_word' id='word_1_8' title='bbox 1203 145 1420 181; x_wconf 79' lang='lat' dir='ltr'><strong>carminum</strong></span> <span class='ocrx_word' id='word_1_9' title='bbox 1450 148 1574 183; x_wconf 83' lang='lat' dir='ltr'>libris</span> 
     </span>
     <span class='ocr_line' id='line_1_4' title="bbox 259 196 1038 243; baseline -0.008 -11"><span class='ocrx_word' id='word_1_10' title='bbox 259 212 323 240; x_wconf 83' lang='lat' dir='ltr'>„ex</span> <span class='ocrx_word' id='word_1_11' title='bbox 343 201 442 240; x_wconf 85' lang='lat' dir='ltr'>longo</span> <span class='ocrx_word' id='word_1_12' title='bbox 463 198 630 229; x_wconf 75' lang='lat' dir='ltr'>intervallo</span> <span class='ocrx_word' id='word_1_13' title='bbox 658 196 1038 243; x_wconf 22' lang='lat' dir='ltr'>quartum-addere,</span> 
     </span>
    </p>
   </div>
   <div class='ocr_carea' id='block_1_4' title="bbox 218 246 1574 347">
    <p class='ocr_par' dir='ltr' id='par_1_4' title="bbox 218 246 1574 347">
     <span class='ocr_line' id='line_1_5' title="bbox 218 246 1574 300; baseline -0.001 -12"><span class='ocrx_word' id='word_1_14' title='bbox 218 266 311 300; x_wconf 80' lang='lat' dir='ltr'>quae</span> <span class='ocrx_word' id='word_1_15' title='bbox 337 253 386 286; x_wconf 90' lang='lat' dir='ltr'>ita</span> <span class='ocrx_word' id='word_1_16' title='bbox 407 250 575 285; x_wconf 82' lang='lat' dir='ltr'>videntur</span> <span class='ocrx_word' id='word_1_17' title='bbox 596 246 826 296; x_wconf 81' lang='lat' dir='ltr'>accipienda,</span> <span class='ocrx_word' id='word_1_18' title='bbox 863 253 903 281; x_wconf 92' lang='lat' dir='ltr'>ut</span> <span class='ocrx_word' id='word_1_19' title='bbox 931 254 1001 283; x_wconf 87' lang='lat' dir='ltr'>tres</span> <span class='ocrx_word' id='word_1_20' title='bbox 1033 247 1170 295; x_wconf 86' lang='lat' dir='ltr'>priores</span> <span class='ocrx_word' id='word_1_21' title='bbox 1206 248 1319 284; x_wconf 83' lang='lat' dir='ltr'>libros</span> <span class='ocrx_word' id='word_1_22' title='bbox 1355 248 1467 285; x_wconf 87' lang='lat' dir='ltr'>simul</span> <span class='ocrx_word' id='word_1_23' title='bbox 1500 253 1574 287; x_wconf 85' lang='lat' dir='ltr'>edi·</span> 
     </span>
     <span class='ocr_line' id='line_1_6' title="bbox 218 311 487 347; baseline -0.011 0"><span class='ocrx_word' id='word_1_24' title='bbox 218 313 313 347; x_wconf 84' lang='lat' dir='ltr'>disse</span> <span class='ocrx_word' id='word_1_25' title='bbox 340 311 487 345; x_wconf 83' lang='lat' dir='ltr'>dicatur.</span> 
     </span>
    </p>
   </div>
   <div class='ocr_carea' id='block_1_5' title="bbox 214 382 1580 1142">
    <p class='ocr_par' dir='ltr' id='par_1_5' title="bbox 214 382 1580 1142">
     <span class='ocr_line' id='line_1_7' title="bbox 321 382 1576 437; baseline -0.002 -14"><span class='ocrx_word' id='word_1_26' title='bbox 321 386 458 437; x_wconf 85' lang='lat' dir='ltr'><strong>Quodsi</strong></span> <span class='ocrx_word' id='word_1_27' title='bbox 478 392 600 421; x_wconf 85' lang='lat' dir='ltr'>autem</span> <span class='ocrx_word' id='word_1_28' title='bbox 618 385 660 419; x_wconf 90' lang='lat' dir='ltr'>in</span> <span class='ocrx_word' id='word_1_29' title='bbox 680 383 751 423; x_wconf 84' lang='lat' dir='ltr'>hac</span> <span class='ocrx_word' id='word_1_30' title='bbox 770 382 986 420; x_wconf 76' lang='lat' dir='ltr'>collectione</span> <span class='ocrx_word' id='word_1_31' title='bbox 1013 384 1136 419; x_wconf 77' lang='lat' dir='ltr'>tertius</span> <span class='ocrx_word' id='word_1_32' title='bbox 1158 385 1362 425; x_wconf 73' lang='lat' dir='ltr'><strong>carminum</strong></span> <span class='ocrx_word' id='word_1_33' title='bbox 1382 386 1477 425; x_wconf 86' lang='lat' dir='ltr'>liber</span> <span class='ocrx_word' id='word_1_34' title='bbox 1498 400 1576 426; x_wconf 81' lang='lat' dir='ltr'>non</span> 
     </span>
     <span class='ocr_line' id='line_1_8' title="bbox 216 441 1576 492; baseline 0 -9"><span class='ocrx_word' id='word_1_35' title='bbox 216 447 346 492; x_wconf 81' lang='lat' dir='ltr'>fuerit,</span> <span class='ocrx_word' id='word_1_36' title='bbox 379 453 413 481; x_wconf 90' lang='lat' dir='ltr'>at</span> <span class='ocrx_word' id='word_1_37' title='bbox 438 444 591 481; x_wconf 87' lang='lat' dir='ltr'>secundi</span> <span class='ocrx_word' id='word_1_38' title='bbox 618 454 744 479; x_wconf 81' lang='lat' dir='ltr'>tamen</span> <span class='ocrx_word' id='word_1_39' title='bbox 771 442 857 481; x_wconf 84' lang='lat' dir='ltr'>libri</span> <span class='ocrx_word' id='word_1_40' title='bbox 882 442 1012 477; x_wconf 84' lang='lat' dir='ltr'>ultima</span> <span class='ocrx_word' id='word_1_41' title='bbox 1045 441 1116 477; x_wconf 88' lang='lat' dir='ltr'>ode</span> <span class='ocrx_word' id='word_1_42' title='bbox 1153 443 1265 490; x_wconf 87' lang='lat' dir='ltr'>inest,</span> <span class='ocrx_word' id='word_1_43' title='bbox 1308 457 1378 490; x_wconf 84' lang='lat' dir='ltr'>qua</span> <span class='ocrx_word' id='word_1_44' title='bbox 1414 449 1576 486; x_wconf 83' lang='lat' dir='ltr'>nominis</span> 
     </span>
     <span class='ocr_line' id='line_1_9' title="bbox 218 501 1578 556; baseline -0.004 -14"><span class='ocrx_word' id='word_1_45' title='bbox 218 506 372 556; x_wconf 69' lang='lat' dir='ltr'>poetica</span> <span class='ocrx_word' id='word_1_46' title='bbox 398 505 528 539; x_wconf 83' lang='lat' dir='ltr'>virtute</span> <span class='ocrx_word' id='word_1_47' title='bbox 564 503 657 550; x_wconf 81' lang='lat' dir='ltr'>parti</span> <span class='ocrx_word' id='word_1_48' title='bbox 688 501 997 542; x_wconf 81' lang='lat' dir='ltr'>immortalitatem</span> <span class='ocrx_word' id='word_1_49' title='bbox 1028 501 1227 542; x_wconf 81' lang='lat' dir='ltr'><strong>certissime</strong></span> <span class='ocrx_word' id='word_1_50' title='bbox 1264 514 1442 551; x_wconf 80' lang='lat' dir='ltr'>augurans</span> <span class='ocrx_word' id='word_1_51' title='bbox 1474 518 1578 553; x_wconf 75' lang='lat' dir='ltr'>prae-</span> 
     </span>
     <span class='ocr_line' id='line_1_10' title="bbox 219 559 1577 613; baseline -0.004 -12"><span class='ocrx_word' id='word_1_52' title='bbox 219 566 346 601; x_wconf 85' lang='lat' dir='ltr'>clarius</span> <span class='ocrx_word' id='word_1_53' title='bbox 371 565 467 606; x_wconf 81' lang='lat' dir='ltr'>fere,</span> <span class='ocrx_word' id='word_1_54' title='bbox 496 574 606 609; x_wconf 88' lang='lat' dir='ltr'>quam</span> <span class='ocrx_word' id='word_1_55' title='bbox 625 561 701 599; x_wconf 87' lang='lat' dir='ltr'>ullo</span> <span class='ocrx_word' id='word_1_56' title='bbox 726 561 796 601; x_wconf 89' lang='lat' dir='ltr'>alio</span> <span class='ocrx_word' id='word_1_57' title='bbox 817 561 917 606; x_wconf 90' lang='lat' dir='ltr'>loco,</span> <span class='ocrx_word' id='word_1_58' title='bbox 940 559 986 595; x_wconf 90' lang='lat' dir='ltr'>de</span> <span class='ocrx_word' id='word_1_59' title='bbox 1011 573 1051 595; x_wconf 89' lang='lat' dir='ltr'>se</span> <span class='ocrx_word' id='word_1_60' title='bbox 1076 561 1205 597; x_wconf 81' lang='lat' dir='ltr'>statuit.</span> <span class='ocrx_word' id='word_1_61' title='bbox 1266 563 1377 598; x_wconf 86' lang='lat' dir='ltr'>Porro</span> <span class='ocrx_word' id='word_1_62' title='bbox 1398 562 1481 599; x_wconf 88' lang='lat' dir='ltr'>libri</span> <span class='ocrx_word' id='word_1_63' title='bbox 1506 567 1577 613; x_wconf 74' lang='lat' dir='ltr'>pri-</span> 
     </span>
     <span class='ocr_line' id='line_1_11' title="bbox 219 619 1578 670; baseline 0.002 -12"><span class='ocrx_word' id='word_1_64' title='bbox 219 625 274 666; x_wconf 80' lang='lat' dir='ltr'>mi</span> <span class='ocrx_word' id='word_1_65' title='bbox 308 634 455 660; x_wconf 83' lang='lat' dir='ltr'>carmen</span> <span class='ocrx_word' id='word_1_66' title='bbox 479 622 645 666; x_wconf 77' lang='lat' dir='ltr'>tertium,</span> <span class='ocrx_word' id='word_1_67' title='bbox 683 632 754 670; x_wconf 86' lang='lat' dir='ltr'>quo</span> <span class='ocrx_word' id='word_1_68' title='bbox 782 619 976 668; x_wconf 82' lang='lat' dir='ltr'>Virgilium</span> <span class='ocrx_word' id='word_1_69' title='bbox 1007 619 1166 659; x_wconf 85' lang='lat' dir='ltr'>Athenas</span> <span class='ocrx_word' id='word_1_70' title='bbox 1204 620 1454 664; x_wconf 66' lang='lat' dir='ltr'>discedentem</span> <span class='ocrx_word' id='word_1_71' title='bbox 1487 626 1578 661; x_wconf 83' lang='lat' dir='ltr'>votis</span> 
     </span>
     <span class='ocr_line' id='line_1_12' title="bbox 221 670 1580 731; baseline 0.001 -13"><span class='ocrx_word' id='word_1_72' title='bbox 221 670 470 731; x_wconf 65' lang='lat' dir='ltr'>prosequitur,</span> <span class='ocrx_word' id='word_1_73' title='bbox 497 692 583 715; x_wconf 87' lang='lat' dir='ltr'>cum</span> <span class='ocrx_word' id='word_1_74' title='bbox 605 678 650 714; x_wconf 82' lang='lat' dir='ltr'>ad</span> <span class='ocrx_word' id='word_1_75' title='bbox 675 691 706 715; x_wconf 88' lang='lat' dir='ltr'>a.</span> <span class='ocrx_word' id='word_1_76' title='bbox 730 691 765 714; x_wconf 85' lang='lat' dir='ltr'>u.</span> <span class='ocrx_word' id='word_1_77' title='bbox 791 690 822 720; x_wconf 61' lang='lat' dir='ltr'>c»</span> <span class='ocrx_word' id='word_1_78' title='bbox 854 683 924 718; x_wconf 82' lang='lat'>735</span> <span class='ocrx_word' id='word_1_79' title='bbox 951 678 1186 714; x_wconf 84' lang='lat' dir='ltr'>referendum</span> <span class='ocrx_word' id='word_1_80' title='bbox 1218 680 1282 716; x_wconf 84' lang='lat' dir='ltr'>sit:</span> <span class='ocrx_word' id='word_1_81' title='bbox 1323 681 1580 723; x_wconf 74' lang='lat' dir='ltr'>collectionem</span> 
     </span>
     <span class='ocr_line' id='line_1_13' title="bbox 214 738 1579 787; baseline -0.003 -10"><span class='ocrx_word' id='word_1_82' title='bbox 214 743 330 787; x_wconf 77' lang='lat' dir='ltr'>hanc,</span> <span class='ocrx_word' id='word_1_83' title='bbox 356 742 414 776; x_wconf 88' lang='lat' dir='ltr'>cui</span> <span class='ocrx_word' id='word_1_84' title='bbox 455 747 489 775; x_wconf 90' lang='lat' dir='ltr'>et</span> <span class='ocrx_word' id='word_1_85' title='bbox 513 740 613 786; x_wconf 88' lang='lat' dir='ltr'>prius</span> <span class='ocrx_word' id='word_1_86' title='bbox 634 738 768 780; x_wconf 81' lang='lat' dir='ltr'>emissa</span> <span class='ocrx_word' id='word_1_87' title='bbox 790 745 825 773; x_wconf 87' lang='lat' dir='ltr'>et</span> <span class='ocrx_word' id='word_1_88' title='bbox 850 738 892 773; x_wconf 89' lang='lat' dir='ltr'>in</span> <span class='ocrx_word' id='word_1_89' title='bbox 909 738 1051 773; x_wconf 88' lang='lat' dir='ltr'>scriniis</span> <span class='ocrx_word' id='word_1_90' title='bbox 1072 738 1191 773; x_wconf 88' lang='lat' dir='ltr'>adhuc</span> <span class='ocrx_word' id='word_1_91' title='bbox 1224 739 1371 783; x_wconf 75' lang='lat' dir='ltr'>latentia</span> <span class='ocrx_word' id='word_1_92' title='bbox 1395 753 1473 779; x_wconf 86' lang='lat' dir='ltr'>non</span> <span class='ocrx_word' id='word_1_93' title='bbox 1506 756 1579 780; x_wconf 74' lang='lat' dir='ltr'>ser.</span> 
     </span>
     <span class='ocr_line' id='line_1_14' title="bbox 216 797 1574 849; baseline 0.001 -13"><span class='ocrx_word' id='word_1_94' title='bbox 216 810 296 836; x_wconf 87' lang='lat' dir='ltr'>vato</span> <span class='ocrx_word' id='word_1_95' title='bbox 328 799 520 846; x_wconf 86' lang='lat' dir='ltr'>temporis,</span> <span class='ocrx_word' id='word_1_96' title='bbox 546 810 617 844; x_wconf 87' lang='lat' dir='ltr'>quo</span> <span class='ocrx_word' id='word_1_97' title='bbox 641 798 771 845; x_wconf 83' lang='lat' dir='ltr'>scripta</span> <span class='ocrx_word' id='word_1_98' title='bbox 792 804 909 842; x_wconf 76' lang='lat' dir='ltr'>erant,</span> <span class='ocrx_word' id='word_1_99' title='bbox 940 797 1070 834; x_wconf 78' lang='lat' dir='ltr'>ordine</span> <span class='ocrx_word' id='word_1_100' title='bbox 1095 798 1291 833; x_wconf 86' lang='lat' dir='ltr'>inseruisse</span> <span class='ocrx_word' id='word_1_101' title='bbox 1309 801 1491 846; x_wconf 86' lang='lat' dir='ltr'>putandus</span> <span class='ocrx_word' id='word_1_102' title='bbox 1510 811 1574 849; x_wconf 80' lang='lat' dir='ltr'>est,</span> 
     </span>
     <span class='ocr_line' id='line_1_15' title="bbox 217 855 1575 907; baseline -0.002 -12"><span class='ocrx_word' id='word_1_103' title='bbox 217 871 294 895; x_wconf 89' lang='lat' dir='ltr'>non</span> <span class='ocrx_word' id='word_1_104' title='bbox 314 865 396 894; x_wconf 81' lang='lat' dir='ltr'>ante</span> <span class='ocrx_word' id='word_1_105' title='bbox 425 868 564 892; x_wconf 87' lang='lat' dir='ltr'>annum</span> <span class='ocrx_word' id='word_1_106' title='bbox 604 856 727 898; x_wconf 67' lang='lat' dir='ltr'>aetatis</span> <span class='ocrx_word' id='word_1_107' title='bbox 751 855 1070 904; x_wconf 78' lang='lat' dir='ltr'>quadragesimum</span> <span class='ocrx_word' id='word_1_108' title='bbox 1094 863 1240 891; x_wconf 88' lang='lat' dir='ltr'>sextum</span> <span class='ocrx_word' id='word_1_109' title='bbox 1274 858 1332 892; x_wconf 89' lang='lat' dir='ltr'>vel</span> <span class='ocrx_word' id='word_1_110' title='bbox 1374 861 1575 907; x_wconf 75' lang='lat' dir='ltr'>septimum</span> 
     </span>
     <span class='ocr_line' id='line_1_16' title="bbox 219 914 1576 967; baseline 0.001 -15"><span class='ocrx_word' id='word_1_111' title='bbox 219 918 265 952; x_wconf 89' lang='lat' dir='ltr'>ab</span> <span class='ocrx_word' id='word_1_112' title='bbox 294 917 446 952; x_wconf 83' lang='lat' dir='ltr'>Horatio</span> <span class='ocrx_word' id='word_1_113' title='bbox 480 916 613 951; x_wconf 82' lang='lat' dir='ltr'>factam</span> <span class='ocrx_word' id='word_1_114' title='bbox 652 922 817 962; x_wconf 76' lang='lat' dir='ltr'>apparet,</span> <span class='ocrx_word' id='word_1_115' title='bbox 862 926 934 963; x_wconf 86' lang='lat' dir='ltr'>quo</span> <span class='ocrx_word' id='word_1_116' title='bbox 977 914 1147 960; x_wconf 79' lang='lat' dir='ltr'>quidem,</span> <span class='ocrx_word' id='word_1_117' title='bbox 1190 927 1275 960; x_wconf 77' lang='lat' dir='ltr'>cum</span> <span class='ocrx_word' id='word_1_118' title='bbox 1307 917 1458 958; x_wconf 85' lang='lat' dir='ltr'>biennio</span> <span class='ocrx_word' id='word_1_119' title='bbox 1492 929 1576 967; x_wconf 85' lang='lat' dir='ltr'>post</span> 
     </span>
     <span class='ocr_line' id='line_1_17' title="bbox 217 972 1574 1022; baseline 0 -10"><span class='ocrx_word' id='word_1_120' title='bbox 217 988 365 1012; x_wconf 84' lang='lat' dir='ltr'>carmen</span> <span class='ocrx_word' id='word_1_121' title='bbox 410 975 569 1011; x_wconf 85' lang='lat' dir='ltr'>seculare</span> <span class='ocrx_word' id='word_1_122' title='bbox 619 972 868 1022; x_wconf 87' lang='lat' dir='ltr'>componendi</span> <span class='ocrx_word' id='word_1_123' title='bbox 912 972 1321 1016; x_wconf 86' lang='lat' dir='ltr'>honorificentissimum</span> <span class='ocrx_word' id='word_1_124' title='bbox 1357 990 1496 1019; x_wconf 75' lang='lat' dir='ltr'>munus</span> <span class='ocrx_word' id='word_1_125' title='bbox 1529 981 1574 1014; x_wconf 88' lang='lat' dir='ltr'>ab</span> 
     </span>
     <span class='ocr_line' id='line_1_18' title="bbox 219 1033 1575 1083; baseline 0.002 -13"><span class='ocrx_word' id='word_1_126' title='bbox 219 1039 380 1083; x_wconf 82' lang='lat' dir='ltr'>Augusto</span> <span class='ocrx_word' id='word_1_127' title='bbox 417 1034 676 1068; x_wconf 83' lang='lat' dir='ltr'>demandatum</span> <span class='ocrx_word' id='word_1_128' title='bbox 718 1033 933 1079; x_wconf 88' lang='lat' dir='ltr'>accepisset,</span> <span class='ocrx_word' id='word_1_129' title='bbox 966 1040 1097 1079; x_wconf 83' lang='lat' dir='ltr'>quanta</span> <span class='ocrx_word' id='word_1_130' title='bbox 1124 1034 1200 1069; x_wconf 88' lang='lat' dir='ltr'>iam</span> <span class='ocrx_word' id='word_1_131' title='bbox 1231 1041 1311 1070; x_wconf 88' lang='lat' dir='ltr'>tum</span> <span class='ocrx_word' id='word_1_132' title='bbox 1345 1036 1423 1071; x_wconf 87' lang='lat' dir='ltr'>eius</span> <span class='ocrx_word' id='word_1_133' title='bbox 1465 1038 1575 1073; x_wconf 89' lang='lat' dir='ltr'>fuerit</span> 
     </span>
     <span class='ocr_line' id='line_1_19' title="bbox 215 1091 1570 1142; baseline 0.002 -13"><span class='ocrx_word' id='word_1_134' title='bbox 215 1095 333 1139; x_wconf 87' lang='lat' dir='ltr'>fama,</span> <span class='ocrx_word' id='word_1_135' title='bbox 352 1093 457 1128; x_wconf 87' lang='lat' dir='ltr'>facile</span> <span class='ocrx_word' id='word_1_136' title='bbox 482 1092 638 1141; x_wconf 85' lang='lat' dir='ltr'>colligas.</span> <span class='ocrx_word' id='word_1_137' title='bbox 695 1092 884 1137; x_wconf 83' lang='lat' dir='ltr'>Nusquam</span> <span class='ocrx_word' id='word_1_138' title='bbox 906 1091 1116 1126; x_wconf 85' lang='lat' dir='ltr'>iactatorem</span> <span class='ocrx_word' id='word_1_139' title='bbox 1140 1093 1197 1127; x_wconf 88' lang='lat' dir='ltr'>sui</span> <span class='ocrx_word' id='word_1_140' title='bbox 1217 1093 1328 1138; x_wconf 79' lang='lat' dir='ltr'>fuisse</span> <span class='ocrx_word' id='word_1_141' title='bbox 1356 1096 1570 1142; x_wconf 83' lang='lat' dir='ltr'>probaturus</span> 
     </span>
    </p>
   </div>
   <div class='ocr_carea' id='block_1_6' title="bbox 218 1149 1147 1199">
    <p class='ocr_par' dir='ltr' id='par_1_6' title="bbox 218 1149 1147 1199">
     <span class='ocr_line' id='line_1_20' title="bbox 218 1149 1147 1199; baseline -0.003 -11"><span class='ocrx_word' id='word_1_142' title='bbox 218 1153 374 1188; x_wconf 82' lang='lat' dir='ltr'>Wolfius</span> <span class='ocrx_word' id='word_1_143' title='bbox 399 1154 440 1189; x_wconf 78' lang='lat' dir='ltr'>V,</span> <span class='ocrx_word' id='word_1_144' title='bbox 465 1154 494 1187; x_wconf 92' lang='lat'>1.</span> <span class='ocrx_word' id='word_1_145' title='bbox 515 1152 640 1190; x_wconf 90' lang='lat' dir='ltr'>locum</span> <span class='ocrx_word' id='word_1_146' title='bbox 662 1149 729 1189; x_wconf 73' lang='lat' dir='ltr'>od,</span> <span class='ocrx_word' id='word_1_147' title='bbox 747 1151 815 1185; x_wconf 88' lang='grc' dir='ltr'>ΙΙΙ.</span> <span class='ocrx_word' id='word_1_148' title='bbox 844 1154 901 1199; x_wconf 72' lang='lat'>16,</span> <span class='ocrx_word' id='word_1_149' title='bbox 928 1157 986 1188; x_wconf 78' lang='grc'>19.</span> <span class='ocrx_word' id='word_1_150' title='bbox 1009 1151 1129 1192; x_wconf 74' lang='lat' dir='ltr'>laudat</span> <span class='ocrx_word' id='word_1_151' title='bbox 1135 1167 1147 1194; x_wconf 58' lang='grc' dir='ltr'>,ς</span> 
     </span>
    </p>
   </div>
   <div class='ocr_carea' id='block_1_7' title="bbox 459 1206 1098 1300">
    <p class='ocr_par' dir='ltr' id='par_1_7' title="bbox 459 1206 1098 1300">
     <span class='ocr_line' id='line_1_21' title="bbox 773 1206 1032 1248; baseline -0.004 -8"><span class='ocrx_word' id='word_1_152' title='bbox 773 1206 848 1240; x_wconf 76' lang='lat' dir='ltr'>Iure</span> <span class='ocrx_word' id='word_1_153' title='bbox 867 1207 1032 1248; x_wconf 75' lang='lat' dir='ltr'>perhorrui</span> 
     </span>
     <span class='ocr_line' id='line_1_22' title="bbox 459 1257 1098 1300; baseline -0.002 -8"><span class='ocrx_word' id='word_1_154' title='bbox 459 1259 538 1292; x_wconf 77' lang='lat' dir='ltr'>Late</span> <span class='ocrx_word' id='word_1_155' title='bbox 558 1257 764 1300; x_wconf 79' lang='lat' dir='ltr'>conspicuum</span> <span class='ocrx_word' id='word_1_156' title='bbox 786 1258 903 1290; x_wconf 83' lang='lat' dir='ltr'>tollere</span> <span class='ocrx_word' id='word_1_157' title='bbox 934 1258 1098 1291; x_wconf 76' lang='lat' dir='ltr'>verticem.</span> 
     </span>
    </p>
   </div>
   <div class='ocr_carea' id='block_1_8' title="bbox 216 1327 1571 1435">
    <p class='ocr_par' dir='ltr' id='par_1_8' title="bbox 216 1327 1571 1435">
     <span class='ocr_line' id='line_1_23' title="bbox 296 1327 1571 1386; baseline 0.001 -21"><span class='ocrx_word' id='word_1_158' title='bbox 296 1332 396 1378; x_wconf 82' lang='lat' dir='ltr'>Quae</span> <span class='ocrx_word' id='word_1_159' title='bbox 417 1328 568 1375; x_wconf 81' lang='lat' dir='ltr'>quidem</span> <span class='ocrx_word' id='word_1_160' title='bbox 600 1328 646 1364; x_wconf 88' lang='lat' dir='ltr'>de</span> <span class='ocrx_word' id='word_1_161' title='bbox 677 1328 806 1382; x_wconf 81' lang='lat' dir='ltr'>opibus</span> <span class='ocrx_word' id='word_1_162' title='bbox 831 1327 1037 1376; x_wconf 79' lang='lat' dir='ltr'>divitiisque</span> <span class='ocrx_word' id='word_1_163' title='bbox 1059 1328 1336 1372; x_wconf 63' lang='lat' dir='ltr'>&gt;contemnendis</span> <span class='ocrx_word' id='word_1_164' title='bbox 1360 1331 1571 1386; x_wconf 76' lang='lat' dir='ltr'>accipienda</span> 
     </span>
     <span class='ocr_line' id='line_1_24' title="bbox 216 1387 1066 1435; baseline -0.001 -11"><span class='ocrx_word' id='word_1_165' title='bbox 216 1401 296 1424; x_wconf 89' lang='lat' dir='ltr'>esse</span> <span class='ocrx_word' id='word_1_166' title='bbox 323 1401 408 1425; x_wconf 89' lang='lat' dir='ltr'>cum</span> <span class='ocrx_word' id='word_1_167' title='bbox 432 1389 496 1433; x_wconf 88' lang='lat' dir='ltr'>iis,</span> <span class='ocrx_word' id='word_1_168' title='bbox 519 1400 611 1433; x_wconf 82' lang='lat' dir='ltr'>quae</span> <span class='ocrx_word' id='word_1_169' title='bbox 633 1388 801 1435; x_wconf 85' lang='lat' dir='ltr'>proxime</span> <span class='ocrx_word' id='word_1_170' title='bbox 834 1387 1066 1424; x_wconf 83' lang='lat' dir='ltr'>antecedunt:</span> 
     </span>
    </p>
   </div>
   <div class='ocr_carea' id='block_1_9' title="bbox 461 1445 1152 1536">
    <p class='ocr_par' dir='ltr' id='par_1_9' title="bbox 461 1445 1152 1536">
     <span class='ocr_line' id='line_1_25' title="bbox 462 1445 1152 1488; baseline 0.003 -13"><span class='ocrx_word' id='word_1_171' title='bbox 462 1445 667 1476; x_wconf 84' lang='lat' dir='ltr'>Crescentem</span> <span class='ocrx_word' id='word_1_172' title='bbox 694 1446 836 1485; x_wconf 84' lang='lat' dir='ltr'>sequitur</span> <span class='ocrx_word' id='word_1_173' title='bbox 865 1455 938 1477; x_wconf 75' lang='lat' dir='ltr'>cura</span> <span class='ocrx_word' id='word_1_174' title='bbox 966 1446 1152 1488; x_wconf 75' lang='lat' dir='ltr'>pecuniam,</span> 
     </span>
     <span class='ocr_line' id='line_1_26' title="bbox 461 1490 969 1536; baseline 0 -10"><span class='ocrx_word' id='word_1_175' title='bbox 461 1494 678 1536; x_wconf 70' lang='lat' dir='ltr'>Maioremque</span> <span class='ocrx_word' id='word_1_176' title='bbox 707 1494 807 1526; x_wconf 75' lang='lat' dir='ltr'>fames</span> <span class='ocrx_word' id='word_1_177' title='bbox 815 1504 826 1533; x_wconf 79' lang='lat'>3</span> <span class='ocrx_word' id='word_1_178' title='bbox 962 1490 969 1496; x_wconf 85' lang='grc'><em>’</em></span> 
     </span>
    </p>
   </div>
   <div class='ocr_carea' id='block_1_10' title="bbox 213 1548 550 1594">
    <p class='ocr_par' dir='ltr' id='par_1_10' title="bbox 213 1548 550 1594">
     <span class='ocr_line' id='line_1_27' title="bbox 213 1548 550 1594; baseline -0.009 -10"><span class='ocrx_word' id='word_1_179' title='bbox 213 1558 293 1584; x_wconf 77' lang='lat' dir='ltr'>tum</span> <span class='ocrx_word' id='word_1_180' title='bbox 316 1548 550 1594; x_wconf 83' lang='lat' dir='ltr'>sequentibus</span> 
     </span>
    </p>
   </div>
   <div class='ocr_carea' id='block_1_11' title="bbox 462 1604 1152 1697">
    <p class='ocr_par' dir='ltr' id='par_1_11' title="bbox 462 1604 1152 1697">
     <span class='ocr_line' id='line_1_28' title="bbox 462 1604 1152 1647; baseline 0.004 -12"><span class='ocrx_word' id='word_1_181' title='bbox 462 1604 590 1643; x_wconf 85' lang='lat' dir='ltr'>Quanto</span> <span class='ocrx_word' id='word_1_182' title='bbox 613 1604 746 1646; x_wconf 82' lang='lat' dir='ltr'>quisque</span> <span class='ocrx_word' id='word_1_183' title='bbox 767 1604 828 1637; x_wconf 75' lang='lat' dir='ltr'>sibi</span> <span class='ocrx_word' id='word_1_184' title='bbox 856 1604 944 1646; x_wconf 76' lang='lat' dir='ltr'>plura</span> <span class='ocrx_word' id='word_1_185' title='bbox 970 1606 1152 1647; x_wconf 71' lang='lat' dir='ltr'>negaverit,</span> 
     </span>
     <span class='ocr_line' id='line_1_29' title="bbox 463 1655 826 1697; baseline -0.003 -9"><span class='ocrx_word' id='word_1_186' title='bbox 463 1655 515 1688; x_wconf 90' lang='lat' dir='ltr'>Ab</span> <span class='ocrx_word' id='word_1_187' title='bbox 540 1655 598 1687; x_wconf 79' lang='lat' dir='ltr'>Dis</span> <span class='ocrx_word' id='word_1_188' title='bbox 618 1655 706 1697; x_wconf 81' lang='lat' dir='ltr'>plura</span> <span class='ocrx_word' id='word_1_189' title='bbox 727 1655 826 1687; x_wconf 72' lang='lat' dir='ltr'>feret!</span> 
     </span>
    </p>
   </div>
   <div class='ocr_carea' id='block_1_12' title="bbox 212 1708 1572 2033">
    <p class='ocr_par' dir='ltr' id='par_1_12' title="bbox 212 1708 1572 2033">
     <span class='ocr_line' id='line_1_30' title="bbox 214 1708 1568 1755; baseline 0.005 -13"><span class='ocrx_word' id='word_1_190' title='bbox 214 1709 408 1753; x_wconf 84' lang='lat' dir='ltr'>docerem,</span> <span class='ocrx_word' id='word_1_191' title='bbox 433 1709 505 1748; x_wconf 80' lang='lat' dir='ltr'>nisi</span> <span class='ocrx_word' id='word_1_192' title='bbox 526 1708 716 1749; x_wconf 51' lang='lat' dir='ltr'>instantiae</span> <span class='ocrx_word' id='word_1_193' title='bbox 737 1708 975 1755; x_wconf 82' lang='lat' dir='ltr'>opprobrium</span> <span class='ocrx_word' id='word_1_194' title='bbox 1002 1710 1155 1744; x_wconf 83' lang='lat' dir='ltr'>omnino</span> <span class='ocrx_word' id='word_1_195' title='bbox 1167 1709 1289 1744; x_wconf 85' lang='lat' dir='ltr'>abesse</span> <span class='ocrx_word' id='word_1_196' title='bbox 1314 1708 1427 1746; x_wconf 89' lang='lat' dir='ltr'>aloco</span> <span class='ocrx_word' id='word_1_197' title='bbox 1445 1720 1568 1749; x_wconf 85' lang='lat' dir='ltr'>nostro</span> 
     </span>
     <span class='ocr_line' id='line_1_31' title="bbox 212 1766 1572 1814; baseline 0.004 -13"><span class='ocrx_word' id='word_1_198' title='bbox 212 1778 320 1814; x_wconf 87' lang='lat' dir='ltr'>supra</span> <span class='ocrx_word' id='word_1_199' title='bbox 350 1767 599 1811; x_wconf 87' lang='lat' dir='ltr'>monuissem;</span> <span class='ocrx_word' id='word_1_200' title='bbox 625 1766 689 1800; x_wconf 94' lang='lat' dir='ltr'>ubi</span> <span class='ocrx_word' id='word_1_201' title='bbox 722 1766 875 1807; x_wconf 78' lang='lat' dir='ltr'>deorum</span> <span class='ocrx_word' id='word_1_202' title='bbox 905 1769 1142 1811; x_wconf 75' lang='lat' dir='ltr'>crmunercio,</span> <span class='ocrx_word' id='word_1_203' title='bbox 1174 1766 1270 1812; x_wconf 87' lang='lat' dir='ltr'>quod</span> <span class='ocrx_word' id='word_1_204' title='bbox 1297 1767 1338 1802; x_wconf 89' lang='lat' dir='ltr'>in</span> <span class='ocrx_word' id='word_1_205' title='bbox 1374 1769 1572 1808; x_wconf 75' lang='lat' dir='ltr'>Maecena-</span> 
     </span>
     <span class='ocr_line' id='line_1_32' title="bbox 213 1816 1570 1878; baseline 0.004 -18"><span class='ocrx_word' id='word_1_206' title='bbox 213 1838 291 1865; x_wconf 69' lang='lat' dir='ltr'>tem</span> <span class='ocrx_word' id='word_1_207' title='bbox 312 1826 449 1873; x_wconf 85' lang='lat' dir='ltr'>potius,</span> <span class='ocrx_word' id='word_1_208' title='bbox 474 1816 584 1871; x_wconf 84' lang='lat' dir='ltr'>quam</span> <span class='ocrx_word' id='word_1_209' title='bbox 606 1825 647 1860; x_wconf 90' lang='lat' dir='ltr'>in</span> <span class='ocrx_word' id='word_1_210' title='bbox 663 1826 832 1862; x_wconf 86' lang='lat' dir='ltr'>Flaccum</span> <span class='ocrx_word' id='word_1_211' title='bbox 854 1826 988 1863; x_wconf 77' lang='lat' dir='ltr'>cadere</span> <span class='ocrx_word' id='word_1_212' title='bbox 1012 1826 1086 1866; x_wconf 67' lang='lat' dir='ltr'>vult</span> <span class='ocrx_word' id='word_1_213' title='bbox 1109 1825 1278 1872; x_wconf 76' lang='lat' dir='ltr'>Wolfius‚</span> <span class='ocrx_word' id='word_1_214' title='bbox 1297 1825 1399 1863; x_wconf 84' lang='lat' dir='ltr'>haud</span> <span class='ocrx_word' id='word_1_215' title='bbox 1421 1830 1570 1878; x_wconf 89' lang='lat' dir='ltr'>superbi</span> 
     </span>
     <span class='ocr_line' id='line_1_33' title="bbox 213 1884 1571 1940; baseline 0.004 -20"><span class='ocrx_word' id='word_1_216' title='bbox 213 1885 329 1920; x_wconf 85' lang='lat' dir='ltr'>animi</span> <span class='ocrx_word' id='word_1_217' title='bbox 353 1884 579 1940; x_wconf 77' lang='lat' dir='ltr'>iactantiam,</span> <span class='ocrx_word' id='word_1_218' title='bbox 602 1884 669 1923; x_wconf 77' lang='lat' dir='ltr'>sed</span> <span class='ocrx_word' id='word_1_219' title='bbox 692 1885 860 1922; x_wconf 84' lang='lat' dir='ltr'>divinum</span> <span class='ocrx_word' id='word_1_220' title='bbox 889 1887 1074 1929; x_wconf 63' lang='lat' dir='ltr'>furorem,</span> <span class='ocrx_word' id='word_1_221' title='bbox 1108 1897 1179 1930; x_wconf 80' lang='lat' dir='ltr'>quo</span> <span class='ocrx_word' id='word_1_222' title='bbox 1204 1892 1302 1921; x_wconf 82' lang='lat' dir='ltr'>vates</span> <span class='ocrx_word' id='word_1_223' title='bbox 1330 1898 1371 1922; x_wconf 89' lang='lat' dir='ltr'>se</span> <span class='ocrx_word' id='word_1_224' title='bbox 1404 1888 1571 1938; x_wconf 71' lang='lat' dir='ltr'>abreptos</span> 
     </span>
     <span class='ocr_line' id='line_1_34' title="bbox 214 1940 1493 1997; baseline 0.001 -17"><span class='ocrx_word' id='word_1_225' title='bbox 214 1942 394 1989; x_wconf 87' lang='lat' dir='ltr'>sentiunt,</span> <span class='ocrx_word' id='word_1_226' title='bbox 421 1940 582 1977; x_wconf 70' lang='lat' dir='ltr'>denotari</span> <span class='ocrx_word' id='word_1_227' title='bbox 604 1942 771 1988; x_wconf 72' lang='lat' dir='ltr'>plurimis</span> <span class='ocrx_word' id='word_1_228' title='bbox 798 1943 975 1997; x_wconf 63' lang='lat' dir='ltr'>exemplis</span> <span class='ocrx_word' id='word_1_229' title='bbox 1000 1943 1198 1981; x_wconf 73' lang='lat' dir='ltr'>ostendisse</span> <span class='ocrx_word' id='word_1_230' title='bbox 1223 1944 1320 1986; x_wconf 63' lang='lat' dir='ltr'>milii</span> <span class='ocrx_word' id='word_1_231' title='bbox 1357 1945 1493 1988; x_wconf 75' lang='lat' dir='ltr'>videor.</span> 
     </span>
     <span class='ocr_line' id='line_1_35' title="bbox 1464 1997 1567 2033; baseline 0.01 -1"><span class='ocrx_word' id='word_1_232' title='bbox 1464 1997 1567 2033; x_wconf 85' lang='lat' dir='ltr'>Haec</span> 
     </span>
    </p>
   </div>
   <div class='ocr_carea' id='block_1_13' title="bbox 0 2294 1797 2311">
    <p class='ocr_par' dir='ltr' id='par_1_13' title="bbox 0 2294 1797 2311">
     <span class='ocr_line' id='line_1_36' title="bbox 0 2294 1797 2311; baseline 0 0"><span class='ocrx_word' id='word_1_233' title='bbox 0 2294 1797 2311; x_wconf 95' lang='lat' dir='ltr'> </span> 
     </span>
    </p>
   </div>
  </div>
 </body>
</html>
