1797 2311
854 86 899 120 19

193 171 418 207 videbimus=
443 181 543 206 nunc
566 170 658 206 illud
682 182 836 215 moneo,
859 170 944 205 talia
970 178 1142 219 agentem
1167 170 1213 206 de
1238 182 1318 207 sese
1344 179 1382 206 et
1401 179 1550 218 patrono

193 232 437 267 communiter
460 222 560 278 l'oqui
585 232 775 276 debuisse,
803 236 844 264 ut
863 230 976 265 iuncti
1015 243 1150 267 novam
1182 232 1336 267 classem
1364 231 1547 266 efficerent

190 301 212 325 a
238 290 365 326 ceteris
392 290 591 336 diversam,
624 299 659 326 et
678 298 766 325 tunc
791 289 961 336 demum,
999 301 1084 325 cum
1117 303 1200 326 eam
1232 291 1490 335 constituisset,
1513 298 1549 323 et

191 350 309 384 amico
329 357 367 384 et
379 350 449 385 sibi
467 351 603 386 iustum
616 352 656 386 in
679 349 810 385 eadem
820 348 940 383 locum
955 349 1134 397 assignare
1151 352 1321 397 potuisse.
1348 352 1431 398 Quo
1450 350 1544 384 facto

191 408 237 443 iis
253 408 413 455 quidem,
435 421 526 456 quae
541 409 682 444 duobus
702 408 838 443 ultimis
858 407 1019 441 versibus
1039 408 1180 455 adiecit,
1190 411 1289 445 locus
1302 411 1448 446 relictus
1468 418 1546 442 non

186 475 271 515 erat,
286 468 336 503 ita
359 476 399 504 ut
418 475 545 516 potitae
573 468 674 504 idem
699 466 904 512 accidisset,
934 466 975 501 in
1003 479 1075 513 quo
1101 469 1188 503 alios
1211 470 1345 504 notavit
1364 472 1405 504 A.
1426 468 1463 503 P.
1481 477 1539 502 αι.

741 541 905 583 Amphora
937 542 1044 582 coepit

306 593 456 632 Institui;
478 597 624 626 currente
644 597 715 625 rota
740 603 796 625 cur
816 601 929 625 urceus
951 590 1039 625 exit?

281 662 418 710 Quodsi
451 670 572 698 autem
610 668 760 710 poeseos
796 661 911 698 studia
939 673 1004 696 sua
1036 672 1121 698 cum
1147 664 1225 699 aliis
1241 690 1251 710 ,
1273 663 1536 711 qualiacunque

182 721 330 757 tandem
354 723 427 758 sint
451 731 488 759 et
517 724 745 770 quantumvis
771 723 1015 770 celebrentur,
1057 735 1269 772 comparans
1300 723 1409 760 unius
1434 723 1539 759 Mae-

182 782 314 816 cenatis
336 783 549 828 applausum
574 783 671 828 cupit
695 790 729 817 et
753 784 860 828 petit,
889 795 951 818 cur

220 839 332 877 „nullo
366 840 546 882 praeposito
584 840 713 872 nomine
750 846 804 873 aut
832 842 1036 883 praenomine
1072 841 1110 873 nd
1138 840 1355 873 Maecenatem
1386 837 1536 871 relabitur

218 890 405 928 „oratiov‘

274 959 317 994 Id
341 959 372 993 si
394 967 537 1005 quaerat
562 959 715 1005 aliquis,
747 970 793 994 ex
817 971 862 994 eo
877 960 968 1007 pari
1001 961 1080 995 iure
1117 967 1320 1006 quaeratur:
1354 961 1426 995 Cur
1454 966 1533 993 tan·

175 1018 261 1056 dem
280 1018 504 1054 Maecenatis
532 1030 670 1053 nomen
694 1026 754 1053 aut
774 1030 998 1065 praenomen
1018 1020 1258 1067 repetendum
1277 1018 1410 1053 fixerit?
1435 1019 1533 1053 Nam

173 1085 253 1125 post
284 1077 448 1124 primum
491 1077 692 1122 alloquium
719 1078 960 1124 Maecenatis,
999 1090 1084 1113 cum
1118 1078 1280 1125 exposita
1309 1077 1530 1121 studiorum,

174 1138 303 1184 quibus
326 1136 498 1172 homines
522 1135 715 1182 ducantur,
745 1136 915 1172 varietate
939 1137 983 1172 ad
1010 1149 1049 1173 se
1074 1137 1225 1183 rediret,
1251 1136 1297 1171 ad
1321 1136 1436 1171 alium
1450 1146 1530 1171 ora-

172 1197 312 1231 tionem
334 1207 409 1229 non
433 1202 675 1238 converterat3
700 1206 857 1241 cumque
879 1196 1033 1230 dubitari
1052 1208 1129 1231 non
1148 1204 1289 1242 posset,
1312 1196 1372 1230 cui
1391 1202 1526 1241 postre-

173 1268 235 1291 ma
256 1262 376 1290 essent
395 1253 508 1300 dicta,
542 1254 675 1288 iterum
703 1255 864 1289 amicum
889 1255 1111 1301 compellans
1144 1256 1191 1290 in>
1221 1254 1446 1290 verbositatis
1475 1254 1527 1287 vi-

169 1316 264 1349 tium
288 1313 490 1359 incidisset,
516 1313 614 1358 quod
644 1324 665 1347 a
698 1312 844 1347 dicendi
867 1315 970 1361 copia
997 1322 1032 1349 et
1062 1322 1190 1350 ornatu
1216 1315 1327 1362 longe
1345 1313 1527 1360 -alienum

168 1381 307 1409 veteres
336 1373 475 1408 mirum
499 1379 674 1418 quantum
704 1372 920 1421 effugerunt.

266 1461 372 1496 Num
394 1458 484 1493 forte
510 1459 550 1493 in
575 1459 798 1494 Maecenatis
821 1459 970 1494 laudem
995 1471 1128 1506 parum
1161 1459 1278 1495 dixit?
1353 1459 1438 1494 Post
1462 1462 1527 1502 ea,

166 1521 296 1569 quibus
336 1518 441 1553 initio
473 1518 642 1553 carminis
675 1531 762 1553 eum
800 1519 971 1554 allocutus
1004 1527 1111 1566 emt,-
1131 1519 1220 1566 quid
1256 1518 1422 1563 homini,
1459 1519 1522 1565 qui

164 1585 352 1628 poetarum
376 1584 545 1624 patronus
571 1578 687 1613 videri
713 1586 861 1625 cuperet
884 1579 1069 1625 poetisque
1100 1591 1139 1614 se
1165 1579 1409 1622 immisceret,
1441 1582 1520 1624 gra-

162 1641 233 1675 tius
266 1646 303 1674 et
339 1637 516 1684 acceptius
550 1637 622 1672 dici
650 1645 806 1685 poterat,
847 1650 957 1684 quam
977 1638 1114 1674 iudicio
1143 1651 1210 1674 suo
1231 1638 1406 1684 relinqui,
1424 1647 1522 1670 num

159 1699 254 1734 inter
266 1698 397 1744 lyricos
424 1704 521 1731 vates
545 1697 757 1732 referendus
778 1698 834 1743 sit,
861 1709 984 1744 quem,
1000 1698 1087 1744 quid
1109 1699 1187 1745 ipse
1213 1698 1258 1733 de
1276 1709 1315 1732 se
1336 1703 1515 1740 stameret,

161 1759 201 1793 in
226 1756 435 1801 volumine,
460 1756 556 1802 quod
589 1756 711 1793 eidem
735 1758 810 1793 iam
832 1757 1023 1793 traditurus
1049 1765 1140 1804 erat,
1169 1758 1365 1793 declarasse
1390 1766 1519 1791 secun-

158 1817 197 1853 di
221 1816 306 1850 libri
332 1815 506 1849 ultimum
531 1827 678 1851 carmen
707 1816 879 1852 docebat?

258 1904 387 1948 Neque
411 1901 528 1949 magis
554 1901 593 1936 id
616 1887 872 1938 desiderabunt
890 1904 972 1949 alii,
1002 1902 1098 1949 quod
1124 1902 1178 1938 111.
1203 1902 1359 1939 Wolfius
1385 1902 1516 1950 pariter

158 1961 392 2007 desideravit,
413 1960 513 1995 nullo
540 1961 714 1997 vocabulo
740 1962 916 1998 lectorem
936 1962 1102 2008 edoceri,
1129 1974 1218 2008 quo
1244 1963 1348 1998 iure
1372 1962 1513 2009 potissi-

1406 2031 1513 2055 mum
