1797 2311
849 104 895 137 16

197 204 239 227 ea
261 191 314 226 Ill.
337 189 492 225 Wolfius
512 200 579 235 pro
601 187 798 240 dubitativa
827 191 1035 231 conditione
1060 194 1189 245 habet,
1212 208 1233 234 a
1264 209 1334 247 qua
1370 201 1540 239 Horatius

194 262 289 297 quae
312 248 509 298 magnifice
540 246 587 281 de
605 250 650 281 'se
675 246 826 293 dixerit,
851 248 1013 297 pendere
1038 245 1135 291 §elin
1155 257 1337 296 Gesnerus
1359 229 1561 297 iu'thesaul

192 322 233 345 ro
256 310 279 344 l.
292 309 316 344 1.
341 309 406 343 ubi
429 308 472 342 SI
498 305 781 343 conditionalem
805 310 1099 349 coniunctionem
1117 327 1197 351 esse
1215 319 1384 355 universe
1403 321 1557 367 monuit,

192 369 286 404 haec
311 366 427 402 addin
580 411 582 414 Α
866 403 868 405 ,
962 404 965 406 ,

236 425 315 463 „sed
338 424 401 454 late
420 425 552 463 accepto
576 422 732 454 vocabulo
749 415 965 465 conditionis,
998 432 1034 459 ut
1064 429 1170 460 omnin
1201 431 1297 463 etiam
1318 444 1480 467 causarum
1501 447 1560 478 ge·

233 485 333 515 „nera
357 473 606 516 complectatur,
640 474 716 505 tern
727 485 796 516 pus
820 476 918 514 item,
951 481 985 510 et
1006 488 1133 511 omnem
1155 480 1247 513 aliam
1270 482 1558 527 circumstantiam,

233 538 274 566 „a
298 536 358 568 qua
377 529 512 556 eventus
534 525 647 565 aliquis
674 535 861 567 quocunque
883 528 979 559 modo
1010 530 1149 570 pendere
1167 531 1395 574 intelligitur.“

300 593 408 643 Quod
441 605 550 640 quam
587 605 671 627 vere
707 594 751 628 sit
772 594 931 642 dictum,
967 597 1045 645 ipse
1072 600 1201 646 probat
1234 602 1403 639 Horatius
1440 603 1506 640 od,
1527 606 1557 640 1,

194 660 260 701 16,
286 661 316 692 5.
340 667 366 690 S.
527 663 530 669 '

293 713 367 745 Non
389 709 607 751 Dindymene,
643 719 705 740 non
726 699 831 751 adytis
853 713 956 753 quatit

291 763 435 795 Mentem
457 760 657 791 sacerdotum
691 761 794 792 incola
823 761 973 804 Pythius,

376 812 450 844 Non
470 810 566 842 Liber
586 820 707 851 aeque,
746 821 812 856 nou
830 817 931 844 'acuta

440 860 482 893 Si
515 860 680 901 geminant
708 860 906 903 Corybantes
928 873 1018 902 aera,

286 912 411 946 Tristes
440 916 477 944 ut
505 911 595 950 irne;
686 915 690 918 ”
730 916 733 919 ’

184 966 293 1012 Epist.
313 967 341 1000 Ι,
366 971 400 1009 7,
427 970 530 1000 1Ο.ἐ.

289 1022 385 1059 Quod
408 1021 436 1052 si
458 1021 568 1062 bruma
590 1021 680 1052 nives
708 1020 840 1052 Albanis
868 1020 972 1053 illinet
991 1023 1093 1065 agris,

289 1074 340 1106 Ad
364 1082 450 1104 mare
475 1070 648 1103 descendet
670 1076 758 1102 vates
785 1076 858 1103 tuus
887 1073 943 1104 rei.

180 1129 312 1172 Neque
337 1136 413 1158 non
440 1125 568 1158 Cicero
591 1124 705 1157 simili
737 1123 848 1157 modo
882 1123 970 1158 dicit
1007 1126 1112 1159 Tusc.
1136 1126 1206 1161 111.
1237 1131 1295 1162 22.
1317 1127 1372 1163 in.

364 1180 597 1222 aegritudinem
634 1183 719 1211 tum
749 1179 905 1218 existere,
949 1180 986 1213 si
1010 1197 1027 1208 ο
1047 1198 1063 1208 -
1081 1199 1099 1209 -
1117 1199 1133 1209 .

177 1236 236 1274 Ad
265 1235 349 1271 Div.
384 1235 434 1268 11.
467 1238 523 1268 10.

262 1291 359 1331 Quod
383 1289 582 1332 (oppidum)
603 1288 662 1327 si,
695 1291 731 1320 ut
751 1297 865 1330 spero,
898 1296 1039 1331 ceperoz
1075 1294 1157 1324 tum
1187 1300 1264 1324 vero
1282 1292 1391 1326 literas
1418 1294 1544 1337 publice

361 1342 498 1374 mittam.

173 1396 368 1433 Terentius
399 1394 546 1428 Phorm.
578 1394 626 1427 ΙΙ.
649 1398 680 1435 1,
717 1397 774 1429 17.

259 1453 366 1485 Herus
401 1450 437 1482 si
469 1449 618 1487 redierit,
648 1448 846 1481 molendum.-

173 1506 275 1554 Virg.
297 1508 387 1541 Aen.
410 1503 452 1537 V.
480 1505 536 1538 6¹⁴.
567 1502 672 1548 Prop.
694 1502 761 1536 111.
784 1506 837 1546 15
867 1503 923 1536 33.
950 1501 1109 1537 Catullus
1130 1502 1225 1539 XIV.
1253 1507 1311 1543 17.

274 1562 416 1611 Quibus
442 1561 483 1596 in
511 1560 600 1595 locis
634 1561 677 1595 SI
701 1572 766 1607 pro
800 1561 906 1596 CVM
928 1561 1088 1608 positum
1113 1572 1193 1597 esse
1217 1570 1323 1610 patet.

280 1624 413 1676 Neque
437 1632 581 1665 moror,
607 1632 678 1665 quo
710 1619 833 1655 minus
851 1627 973 1655 nostro
994 1620 1074 1655 loco
1101 1620 1124 1656 i.
1142 1633 1176 1667 q.
1202 1619 1442 1670 SIQVIDEM
1461 1638 1539 1664 esse

172 1683 319 1718 dicatur.
370 1680 534 1716 Plurima
562 1679 660 1712 hunc
679 1678 854 1724 loquendi
873 1691 982 1713 usum
1006 1680 1161 1726 probant
1177 1683 1355 1728 exempla.
1404 1677 1537 1721 Audia'.

173 1749 230 1776 tur
259 1741 425 1776 Cicero
446 1749 513 1785 pro
538 1736 715 1775 Archia
746 1748 822 1783 cap.
848 1747 912 1773 12:

212 1798 353 1830 Petimus
375 1808 394 1830 ι
414 1786 523 1833 vobis',
562 1794 596 1826 si
618 1804 678 1836 qu·
703 1804 767 1826 non
790 1795 886 1826 modo
912 1795 1065 1833 humana,
1099 1803 1209 1827 verum
1243 1796 1340 1829 etiam
1369 1786 1476 1832 'divina
1504 1800 1538 1835 in

215 1848 314 1880 tantis
335 1848 475 1889 negotiis
499 1844 737 1878 commendatio
765 1844 859 1877 debet
886 1855 981 1884 esne,
1017 1849 1054 1877 ut
1073 1845 1221 1878 Archiam
1241 1847 1275 1880 in
1296 1855 1436 1883 vestrum
1457 1837 1539 1884 acci-

210 1898 306 1941 piatis
324 1897 441 1936 fidem;
783 1903 785 1906 '

170 1959 207 1986 et
234 1949 477 1998 Virgilius
507 1949 546 1983 in
567 1948 775 1996 Georgicon
803 1948 952 1983 exordio
969 1949 1092 1996 Deos,
1121 1962 1210 1996 quos
1236 1950 1397 1998 invocat,
1423 1965 1535 2000 quan-

169 2009 371 2057 doquidem
396 2008 563 2045 arationis
592 2008 794 2054 vitiumque
822 2009 967 2045 sationis
995 2009 1099 2045 initia
1121 2010 1208 2057 ipsis
1233 2002 1454 2061 debeantur,
1475 2023 1532 2048 ca-

168 2070 271 2106 nenti
297 2069 368 2106 sibi
393 2068 503 2105 affore
531 2078 699 2115 sperans,
734 2079 867 2115 eosque
893 2068 942 2105 ita
965 2069 1172 2117 alloqueusz
