1797 2311
927 119 976 151 28

873 166 1040 174 *—

272 203 341 244 Od.
366 207 428 244 1v.
487 233 498 254 ,
527 216 545 243 1
570 218 586 241 s

397 265 430 298 N
471 264 557 296 forte
574 262 681 299 credas
702 261 887 299 interitura.
917 270 998 303 quae

360 327 363 330 Δ
397 314 425 348 L
470 308 474 311 ’
529 307 707 344 ‘sonantem
736 316 827 344 natu·
856 311 895 343 ad
924 312 1074 344 Aufidum

426 323 566 397 οἛοιι
599 368 701 395 ante
732 363 933 405 vulgatu
966 373 1037 405 per
1068 366 1182 397 arten

563 413 669 447 Verba
702 414 817 456 loquor
844 414 993 446 socianda
1021 414 1160 449 chordis

272 467 376 504 Talia
395 465 667 503 recordantibus
691 477 767 501 non
791 466 995 501 necessaria
1020 466 1202 502 videbitur
1224 466 1388 505 lectionis
1411 470 1636 537 immutatio,

266 532 364 574 'quae
396 524 580 615 Ρῑοξὶιεὶω
603 533 672 561 est:

433 583 468 617 Si
524 594 542 615 e
564 583 751 624 Graiugenis
777 581 901 615 vntibun
933 582 1066 617 interes.

376 637 520 682 Restat,
544 643 584 670 ut
604 635 650 669 de
676 635 755 681 ipsa
781 635 919 670 ratione
961 634 1162 685 videamus,
1211 649 1282 685 qua
1305 638 1530 675 Eichstadius
1563 650 1638 676 car·

273 695 387 730 minis
412 695 524 730 nostri
548 694 687 729 exitum
710 694 878 740 pristino
887 694 998 729 nitori
1021 706 1088 730 suo
1111 697 1308 733 restituisse
1332 698 1403 733 sibi
1435 698 1586 734 videtur.

371 755 422 789 Ut
445 765 543 788 nunc
565 765 642 789 non
661 764 879 788 moneamus
890 753 1141 803 ,lectionem,
1174 756 1239 791 cui
1261 756 1511 792 abdicentibus
1533 757 1635 795 libris

270 813 426 848 VVolfius
456 812 571 847 favet:
868 820 879 841 ἲ
1556 803 1559 805 .

515 869 574 902 TE
604 869 767 901 doctarum
788 863 902 902 ederae
931 872 1069 914 praemia
1090 873 1246 905 frontium

270 934 316 959 eo
336 923 460 958 minus
481 922 627 970 placere
652 934 777 975 posse,
808 923 904 969 quod
932 925 1010 960 eius
1037 937 1142 961 causa
1162 924 1388 961 Eichstadius
1417 925 1531 960 alium
1557 937 1634 962 ver·

269 974 354 1018 ‘sum
378 982 502 1017 invitis
525 973 710 1016 codicibus
735 993 756 1016 e
777 989 878 1017 textu
902 984 1170 1019 eliminandum
1191 991 1331 1020 censet:
1355 985 1434 1032 ipsa
1457 996 1637 1033 gramma-

271 1041 341 1077 tica
362 1050 536 1077 structura
553 1040 732 1087 impedit,
769 1052 840 1086 quo
866 1043 989 1077 minus
1025 1044 1213 1091 legamus:

771 1098 805 1130 Si
832 1108 935 1139 neque
956 1099 1051 1130 tibias

478 1146 620 1188 Euterpe
640 1148 786 1185 cohibet,
822 1158 881 1179 nec
912 1148 1123 1190 Polyhymnia

453 1198 631 1230 ,Lesboum
653 1196 772 1237 refugit
803 1199 935 1230 tendere
956 1198 1119 1232 barbiton:

477 1249 610 1282 Sublimi
638 1247 750 1280 feriam
779 1248 892 1281 sidera'
912 1249 1048 1282 vertice!

272 1306 374 1351 Quae
396 1302 513 1336 enim.
528 1301 616 1335 ratio
640 1298 818 1335 Wolfium
857 1301 1044 1347 movebat,
1070 1308 1110 1336 ut
1135 1299 1237 1337 codd.
1260 1309 1296 1336 et
1322 1301 1543 1339 editionibus
1573 1303 1636 1339 ali-

270 1370 358 1410 quot
378 1360 656 1408 suffragantibus
678 1360 874 1396 INSERES
896 1360 1100 1411 legendum
1123 1367 1295 1406 censeret,
1315 1361 1448 1396 eadem
1470 1363 1636 1409 postulat,

271 1430 312 1458 ut
337 1421 595 1466 COHIBEBIT
621 1426 657 1454 et
674 1419 918 1466 'REFVGIET
932 1420 1119 1468 legantur-3
1146 1419 1231 1466 quid
1253 1420 1352 1466 quod
1370 1420 1504 1456 haecce
1527 1422 1640 1458 verba

270 1482 393 1516 futuro
416 1487 588 1525 tempore
607 1478 842 1524 pronunciari
875 1479 1107 1525 imperiosius
1145 1479 1275 1527 exigit,
1318 1491 1429 1525 quam
1460 1480 1501 1514 in
1522 1480 1636 1526 priori

273 1539 386 1575 verbo
410 1535 483 1572 hoc
513 1537 681 1572 voluerat.
722 1538 767 1572 In
797 1537 987 1585 posteriori
1007 1544 1130 1572 autem
1160 1537 1241 1591 lgco
1269 1544 1430 1584 rnetrurn
1455 1537 1635 1575 adversari

273 1609 353 1634 non
379 1604 433 1633 est
467 1593 566 1651 qugd
596 1605 779 1630 moneam.

372 1651 543 1702 Accedit,
573 1653 668 1701 quod
701 1667 777 1690 non
799 1661 919 1702 posset
941 1667 1018 1691 non
1040 1654 1251 1703 displicere,
1284 1655 1315 1689 si
1338 1662 1421 1701 post
1443 1656 1638 1702 compella-

265 1708 415 1743 tionem
432 1700 679 1749 Maecenatis,
708 1714 779 1750 qua
810 1715 957 1739 carmen
984 1717 1154 1739 exorsum
1179 1712 1250 1750 est,
1279 1704 1375 1738 nihil
1406 1713 1635 1751 sequeretur,

267 1757 370 1804 quod
402 1757 536 1791 factae
546 1754 836 1801 compellationis
865 1753 1043 1790 rationem
1074 1755 1273 1790 exhiberet.
1344 1754 1397 1789 Ea
1427 1756 1528 1789 enim
1559 1766 1637 1790 non

271 1808 397 1842 solum
417 1805 728 1853 exspectationem
748 1812 931 1849 moverat,
956 1806 1059 1847 fore,
1082 1812 1122 1839 ut
1145 1805 1277 1850 finitis,
1300 1815 1392 1849 quae
1416 1805 1508 1840 forte
1525 1805 1637 1840 inter-

274 1857 488 1901 iicerentur,
530 1855 576 1889 ad
607 1854 769 1889 eundem
799 1831 958 1888 reditu’ra
997 1862 1090 1889 esset
1111 1854 1243 1889 oratio:
1284 1853 1349 1887 sed
1382 1854 1459 1889 eius
1494 1865 1637 1901 quoque

274 1905 454 1942 iudicium
480 1904 526 1939 de
555 1904 776 1941 carminibus
797 1915 882 1939 cum
907 1903 991 1939 hac
1004 1903 1282 1951 compellatione
1311 1902 1496 1939 tradendis
1527 1913 1638 1951 expe-

275 1957 383 1992 titum
400 1956 447 1990 iri
468 1953 566 1989 facili
586 1955 790 1990 coniectura
814 1955 981 2012 augurari
1007 1955 1163 1991 iubebat.
1210 1952 1315 2003 Quod
1347 1954 1493 2002 vulgato
1522 1953 1636 1989 textui

273 2008 397 2043 inesse
419 2016 505 2040 cum
528 2004 822 2051 interpretatione
847 2003 930 2039 satis
945 2002 1126 2052 probabili
1149 2009 1335 2054 appareat,
1360 2015 1424 2040 cur
1439 2005 1481 2041 in
1501 2004 1633 2069 eodem

274 2069 353 2095 non
378 2056 649 2104 acquiescamus
685 2054 857 2101 equidem
878 2066 957 2089 non
979 2055 1096 2090 video.
