1797 2311
897 114 918 145 8

221 215 309 240 cum
329 202 509 247 nominat,
528 210 617 246 quos
640 198 680 233 in
703 198 778 234 suis
793 198 1104 249 studiissssenectus
1123 200 1404 251 haudquaquam
1427 202 1587 254 corigerit

219 265 487 300 obmutescere.
526 261 626 296 Tum
646 269 755 292 suum
780 258 893 305 ipsius
906 259 1074 306 'afferens
1099 262 1333 310 exemplum,
1373 262 1458 297 licet
1480 273 1584 310 quar,-

222 332 306 360 tum
330 333 470 358 annum
493 326 529 355 et
549 317 817 366 octogesimum
842 326 946 367 agat,
975 319 1067 354 vires
1096 325 1222 355 tamen
1257 321 1493 358 adolescentis
1509 307 1585 369 ¹§los-

219 382 384 421 -siderare
409 392 449 424 se
469 385 600 427 negat.

323 441 445 475 «Nou
474 437 627 481 curia,
651 436 792 481 inquit,
819 435 944 469 vires
968 446 1094 470 meas
1114 435 1377 484 desiderat,
1406 450 1498 479 non
1518 450 1583 475 ro·

224 507 340 547 stra,
361 510 452 535 uon
478 496 640 542 amici,
666 507 759 531 non
786 495 1008 549 clientes,
1032 507 1124 531 non
1154 495 1368 544 hospites
1394 518 1558 527 -----

225 559 462 606 Septimus
485 556 610 592 mihi
633 555 882 603 Originum
908 553 1066 599 (quibus
1097 555 1285 591 historiam
1304 558 1432 604 populi
1452 559 1585 593 Roma-

225 618 267 653 ni
291 616 524 665 perscripsit)
547 621 617 649 est
638 614 688 648 in
717 613 951 663 manibus.
983 614 1135 649 omnia
1160 615 1466 662 antiquitatis
1496 627 1584 652 mo·

225 683 451 712 numenta
490 674 687 721 colligo:
741 683 989 707 causarum
1023 672 1317 720 illustrium,
1355 670 1582 721 quascun-

227 747 319 782 que
343 733 560 777 defendi,
586 741 710 765 nune
734 741 836 765 cum
857 730 1059 765 maxime
1077 732 1296 768 conficio
1322 733 1582 779 orationes:

225 795 308 831 ius
355 803 599 841 augurum,
639 789 948 837 pontificum,
975 789 1127 825 civile
1163 798 1335 828 tracto:
1382 793 1582 828 multum

228 853 374 888 etiam
424 849 622 886 Graecis
669 847 830 882 literis
867 854 1014 896 ‘utorz
1075 849 1585 898 Pythagoreorumque

225 923 354 949 more
406 905 702 946 exercendae
746 905 1003 942 memoriae
1056 908 1219 956 gratia,
1260 908 1370 956 quid
1401 919 1583 957 quoque

226 972 304 1008 die
348 970 575 1014 dixerim,
620 967 877 1011 audierim,
912 968 1115 1014 egerim,
1150 979 1459 1006 commemoro
1492 982 1586 1006 ves-

226 1031 332 1079 peri
359 1046 628 1058 -------
664 1025 835 1062 Adsum
876 1025 1066 1062 amicis:
1106 1028 1252 1063 venio
1289 1029 1337 1064 in
1374 1037 1584 1065 senatum

226 1092 477 1137 frequens,
503 1087 731 1132 ultroque
754 1085 907 1120 affero
935 1096 1006 1120 res
1040 1087 1240 1124 multum
1273 1096 1319 1124 et
1338 1087 1421 1125 diu
1464 1090 1588 1138 cogi.

227 1156 403 1185 tatasa:

337 1211 396 1247 En
430 1203 559 1262 Tibi,
586 1202 665 1249 Vir
694 1215 856 1248 summe
885 1202 1175 1261 Venerabilis,
1225 1208 1432 1259 imaginem
1472 1209 1587 1254 senis,

230 1279 289 1315 cui
314 1273 387 1317 Tu
411 1287 497 1310 cum
520 1276 562 1309 in
587 1274 665 1308 aliis
692 1273 901 1307 simillimus
926 1273 993 1318 sis,
1009 1284 1071 1307 cur
1107 1280 1143 1307 et
1166 1274 1405 1321 longaevitate
1425 1275 1587 1310 similem

228 1343 307 1378 sore
330 1339 496 1377 dubites?
520 1338 609 1374 Sunt
618 1337 635 1379 ,“
664 1336 727 1381 qui
753 1331 908 1370 vivendo
940 1347 1025 1370 eum
1041 1335 1152 1383 longe
1178 1345 1407 1383 superarunt,
1430 1350 1586 1384 quorum

231 1401 398 1447 exempla
424 1395 669 1434 Hufelandius
693 1387 711 1424 ὅ
726 1387 837 1439 πάνυ,
864 1401 900 1427 et
920 1394 992 1428 fato
1016 1393 1091 1427 iam
1117 1393 1305 1428 defunctus
1337 1404 1483 1432 naturae
1507 1410 1589 1445 per.

232 1467 405 1497 scrutator
429 1458 458 1493 1.
481 1458 513 1493 S.
539 1454 730 1491 Schroeter
768 1452 1011 1501 collegerunt:
1049 1460 1083 1487 at
1120 1452 1239 1488 missis
1261 1453 1325 1501 iis,
1361 1463 1461 1503 vota,
1496 1469 1589 1504 quae

232 1529 298 1565 pro
324 1516 419 1551 vitae
444 1508 567 1552 Tuae
594 1510 863 1563 continuatione
888 1511 963 1544 iam
984 1510 1211 1556 suscipimus,
1233 1521 1482 1559 nuncupantes
1505 1527 1591 1550 eam

234 1573 437 1623 cogitemus
464 1576 637 1614 aetatem,
670 1579 739 1614 qua
767 1568 853 1602 Cato
890 1573 967 1600 tam
1003 1567 1151 1602 crudam
1197 1568 1427 1615 viridemque
1461 1572 1590 1620 agebat

230 1639 478 1675 senectutem,
499 1636 539 1663 ut
563 1635 710 1662 tractare
733 1634 874 1674 posset,
913 1626 1043 1672 quibus
1072 1635 1287 1687 occupatum
1316 1629 1427 1664 fuisse
1463 1631 1588 1667 Cicero

231 1691 397 1728 narravit.
442 1686 498 1725 Ad
526 1698 634 1733 quam
656 1693 808 1720 aetatem
834 1685 900 1720 ubi
926 1675 1148 1732 perveneris,
1173 1697 1260 1732 nos,
1283 1686 1484 1724 dummodo
1519 1690 1589 1738 ipsi

233 1760 319 1787 tunc
353 1749 453 1785 vitali
486 1758 574 1782 aura
599 1746 779 1790 fruamur,
808 1756 880 1780 nov
881 1745 912 1779 is
947 1744 1038 1779 votis
1077 1746 1329 1791 precabimur,
1370 1754 1410 1782 ut
1444 1747 1591 1793 Pylium

232 1821 361 1845 senem
378 1801 701 1854 quemadmodum
723 1804 922 1849 sapientia,
962 1803 1015 1838 ita
1046 1810 1083 1837 et
1110 1804 1214 1837 annis
1239 1816 1384 1850 aeques,

360 1868 446 1903 Mos
469 1865 519 1900 ita
539 1864 632 1910 fert,
660 1869 701 1898 ut
723 1861 853 1897 talibus
877 1861 967 1897 votis
998 1860 1245 1908 disputationis
1274 1863 1361 1909 quid
1395 1863 1592 1904 adiiciat-ur,

234 1926 345 1963 Cuius
384 1923 535 1972 quidem
569 1922 763 1958 materiem
790 1918 1101 1968 circumspiciens,
1139 1932 1224 1956 cum
1252 1923 1360 1959 ambo
1391 1935 1492 1961 nunc
1519 1927 1593 1962 otio

234 2000 433 2037 careamus,
447 1986 538 2037 ipse,
558 1984 777 2036 ”mpuorem
792 1984 982 2035 «ῑΐᾶΰῗᾶὓᾶῑ,
1008 1977 1171 2035 Tuque,
1195 1986 1313 2023 maius
1327 2000 1416 2037 opus
1436 1989 1596 2039 legendi,

1554 2056 1599 2091 ad
