1797 2311
838 163 900 197 12⁴

199 250 209 269 *⁷
224 252 312 292 „ia'm
339 242 461 284 fecerat
482 243 684 291 edideritque
707 245 805 282 mult·
827 255 862 282 et
883 249 1055 282 nrtifieiossa
1084 267 1127 275 —
1161 266 1202 276 —
1241 249 1355 283 Taliue
1375 248 1498 283 homini
1520 253 1554 282 et

199 322 203 324 λ
226 304 309 342 „tuli
339 304 372 335 iu*
398 303 470 334 loco
493 311 535 332 ne
557 303 621 332 uuo
645 301 772 342 quidem
810 302 970 333 versiculo
999 301 1215 343 perfunctorie
1235 303 1397 334 honorem
1432 300 1552 334 habero,

227 355 395 395 „voluisse
413 352 608 386 Horatium?
629 371 661 378 —
683 369 726 376 —
749 352 878 390 Quodsi
893 353 1057 385 Maecenas
1081 352 1174 385 Diis
1205 353 1356 385 mixtus
1380 350 1557 394 superi·-

228 407 470 448 „prnedicatur.
504 404 566 435 etsi
587 404 618 434 id
648 405 852 445 praeconium
876 414 915 435 ex
938 410 1080 435 veterum
1105 414 1195 435 more
1218 404 1322 436 minus
1349 400 1551 445 magnificum

227 461 319 496 „est,
353 465 445 496 quam
474 463 532 495 pro
563 462 644 485 sono
679 454 862 498 verborum,
892 459 996 485 tamen
1019 463 1055 485 ea
1076 453 1169 485 verba
1189 456 1377 495 quocunque
1407 454 1550 489 torseris.

228 507 356 547 „multo
377 505 499 547 aptiora
521 510 610 536 erant
631 505 785 547 opulento
811 504 971 546 nobilique
994 504 1079 542 viro,
1110 513 1202 546 quam
1224 503 1378 540 amiculo,
1413 504 1467 546 qui
1489 503 1552 535 hoc

226 563 339 597 „certe
360 556 434 588 loeo
455 555 644 586 invidiosam
667 556 717 586 sui
737 555 860 587 laudem
883 552 1021 586 devitare
1042 555 1177 587 maxime
1197 554 1369 588 debebas·

286 626 411 663 Primo
436 625 546 671 igitur
570 624 651 658 loco
675 624 880 670 improbata
908 631 962 659 est
982 624 1146 658 iunctura
1165 624 1392 672 imaginum,
1418 621 1549 669 quibus

184 685 355 722 Horatius
386 694 462 717 non
481 682 600 717 solum
626 682 727 716 Diis
749 683 968 727 mixtum,
995 682 1059 716 sed
1088 683 1198 717 etiam
1218 681 1549 729 Nympharum

185 752 230 780 et
254 746 532 790 Satyrorum
570 740 730 775 choris
761 753 783 775 a
814 742 993 788 populo
1017 748 1265 777 secretum
1304 753 1344 776 se
1374 740 1548 786 declarat,

185 803 357 840 omnium
383 813 468 835 vero
494 800 657 835 maxime
683 801 989 836 Maecenatis
1014 800 1208 836 laudem
1233 799 1464 835 ambiens.

287 860 391 908 Quod
426 859 471 893 ad
504 859 577 893 duo
609 859 729 905 priora
763 860 908 906 attinet,
944 872 986 894 ea
1013 870 1090 894 non
1125 867 1208 894 sunt
1228 849 1278 894 'ita
1303 859 1463 903 diversa,
1508 863 1549 891 ut

183 920 293 968 iungi
314 926 394 965 apte
419 924 612 963 nequeant.
655 917 710 952 111.
737 919 891 954 Wolsms
927 919 1005 965 ipse
1027 919 1179 964 fatetur,
1211 918 1352 953 Horatii
1374 917 1455 952 Diis
1485 917 1549 951 Su·

184 979 282 1027 peris
304 978 463 1013 mixtum
489 988 529 1011 se
559 977 723 1010 laetantis
748 978 987 1023 praeconium
1013 989 1058 1011 ex
1083 984 1249 1012 veterum
1284 988 1388 1011 more
1424 974 1547 1026 minus

184 1050 264 1075 esse
287 1036 550 1084 magnificum,
573 1047 684 1082 quam
703 1047 770 1082 pro
796 1048 885 1072 sono
909 1037 1112 1072 verborum.

285 1095 434 1141 Duplex
458 1102 581 1129 autem
616 1102 670 1129 est
694 1106 844 1141 sensus,
869 1108 981 1142 quem
1005 1096 1137 1134 verbaz
1161 1094 1243 1131 Diis
1266 1094 1424 1130 mixtum
1446 1104 1547 1139 esse,

185 1155 389 1191 admittunt.

282 1214 403 1249 Potest
423 1211 525 1246 enim
556 1222 723 1257 summa,
749 1214 859 1257 quam'
884 1212 963 1257 quis
991 1219 1052 1247 aut
1075 1224 1115 1247 re
1133 1220 1217 1248 vera
1240 1211 1390 1259 adeptus
1416 1210 1463 1247 sit
1485 1216 1547 1246 aut

184 1273 335 1319 adeptus
361 1270 433 1305 sibi
458 1270 644 1315 videatur,
667 1271 818 1305 felicitas
850 1271 897 1305 iis
926 1270 1108 1317 denotari,
1142 1283 1228 1306 cum
1258 1271 1317 1305 vel
1341 1270 1548 1316 proverbia-

179 1334 259 1367 lem
290 1330 515 1365 locutionem
538 1328 651 1362 fuisse
674 1327 826 1362 doceant
850 1329 1067 1373 Plautus,
1094 1328 1187 1376 apud
1219 1340 1332 1375 quem
1369 1329 1498 1372 (Cure.
1517 1329 1546 1363 1.

181 1395 214 1426 3.
239 1390 311 1434 11.)
346 1387 597 1423 Phaedromus
622 1398 708 1421 cum
733 1388 876 1433 puella,
902 1400 1013 1434 quam
1037 1388 1201 1433 amabat,
1248 1398 1459 1436 congressus
1485 1399 1546 1421 ex-

182 1450 337 1485 clamatt
363 1448 499 1481 Deus
524 1446 651 1480 sum!
684 1451 722 1479 et
741 1447 1027 1494 Terentius,
1058 1447 1122 1493 qui
1144 1446 1298 1491 (Heaut.
1320 1447 1380 1482 IV.
1409 1449 1440 1482 3.
1465 1449 1544 1490 15.)

181 1508 361 1551 Cliniam,
393 1516 480 1540 cum
503 1516 589 1552 prae
618 1505 736 1541 nimio
759 1506 893 1554 gaudio
917 1507 978 1541 vix
1002 1505 1098 1554 apud
1117 1517 1156 1542 se
1187 1512 1304 1553 esset,
1325 1505 1374 1542 ita
1393 1505 1544 1552 loquen-

178 1575 263 1602 tem
281 1563 440 1600 inducit:
465 1565 675 1599 Deorum
708 1565 855 1600 vitam
880 1566 1041 1612 adepti
1065 1567 1237 1601 sumus!

286 1624 377 1661 Aliis
401 1630 524 1658 autem
547 1622 636 1658 locis
661 1623 752 1658 haec
790 1624 902 1660 verba
943 1624 1067 1672 ipsum
1091 1624 1274 1672 impeturn
1313 1632 1350 1661 et
1382 1624 1546 1660 furorem

186 1687 381 1729 denotant,
406 1694 479 1727 quo
503 1686 630 1729 poetae
655 1682 700 1717 ad
721 1683 928 1719 canendum
956 1676 1122 1731 abreptos
1145 1696 1186 1719 se
1211 1684 1345 1721 dicunt.
1371 1676 1544 1729 Audiatnr

188 1743 341 1780 Ovidius
361 1741 404 1776 in
429 1748 490 1777 art.
514 1748 620 1776 amat.
639 1742 707 1776 111.
729 1754 760 1777 v.
786 1746 865 1780 52⁸9.
887 1755 914 1778 s·

229 1802 290 1833 Est
311 1800 389 1832 deun
411 1799 446 1832 in
469 1791 585 1837 nobis,
619 1805 654 1831 et
683 1804 758 1831 sunt
788 1800 1040 1833 commercia
1076 1800 1198 1833 caeli.

291 1850 425 1883 Sedibus
444 1850 596 1883 aetheriis
615 1850 747 1893 spiritus
768 1850 825 1882 ille
848 1852 946 1883 venit.

190 1913 225 1939 et
246 1906 336 1938 fast.
358 1904 420 1937 VI.
452 1908 485 1940 5.
505 1914 532 1938 s.

228 1960 291 1993 Est
312 1959 390 1991 deus
415 1958 449 1991 iu
472 1959 585 1991 nobisz
607 1959 750 2000 agitante
770 1958 953 1991 calescimus
976 1960 1053 1992 ino:

289 2010 432 2051 Impetus
458 2009 511 2041 hic
534 2019 643 2041 saeue
677 2010 799 2041 semina
826 2012 941 2043 mentis
961 2011 1067 2043 habet.

214 2048 285 2095 n
310 2060 388 2091 mihi
411 2060 579 2102 praecipue
607 2060 747 2092 vultus
781 2061 941 2093 vidisse
968 2062 1151 2101 deorum,

291 2111 368 2145 Vel
403 2112 497 2154 quia
529 2120 615 2143 sum
645 2116 791 2148 vatem
826 2112 891 2143 vel
922 2113 1015 2154 quia
1047 2124 1161 2146 sacra
1189 2126 1297 2147 cano.
