1797 2311
912 115 955 147 18

345 203 515 242 Quemque
531 210 592 241 ego
615 208 685 230 cum
708 197 820 236 rebus,
843 207 919 240 ques
940 203 1028 232 totus
1050 200 1194 241 possidet
1217 202 1320 242 orbis,

344 252 561 289 Aesonidem,
582 255 720 282 mutasse
743 249 858 288 velim,
887 259 951 292 quo
973 252 1108 293 coniuge
1131 251 1212 284 felix

341 304 386 337 Et
411 302 459 334 dis
481 312 550 333 cara
572 301 673 339 ferar,
710 304 745 332 et
767 301 888 333 vertice
910 301 1012 334 sidera
1032 307 1167 344 tangam.

328 372 536 418 Exemplis,
557 383 650 417 quae
674 370 720 406 ad
738 371 969 419 probandum
992 372 1090 407 hunc
1113 384 1219 408 usum
1247 373 1394 410 dicendi
1420 387 1465 410 ex
1489 376 1603 412 Hero-

237 433 320 468 doto
344 433 412 467 111.
439 434 496 467 65.
534 438 570 465 et
590 431 679 465 locis
707 431 892 466 Ciceronis
923 432 963 466 in
985 432 1070 466 clav.
1104 433 1185 467 Ern.
1222 444 1249 467 s.
1283 445 1316 468 v.
1351 434 1494 469 coelum
1534 436 1603 470 col-

237 491 341 528 lectis
376 498 502 539 petere
525 490 649 537 iussit,
681 490 834 525 unicum
858 490 1045 526 Theocriti
1067 491 1189 526 locum
1213 493 1254 527 V.
1282 496 1340 530 [⁸1.
1369 505 1396 528 s,
1421 492 1553 528 addam

783 565 956 606 φριμάσσεο
985 565 1070 597 παῖσαι
1102 567 1271 607 τραγίσκων

361 615 429 649 Νῦν
451 614 564 653 ἀγέλαι·
598 614 704 655 κήγαῑν
725 614 783 656 Ύαῖρ
818 615 862 646 ἴδ’
885 615 927 650 ὤς
953 617 1032 655 μέγα
1053 616 1142 647 τοῦτο
1164 614 1296 658 καχαέὢ

368 666 437 697 Κοὶτ
465 666 510 696 τῶ
531 665 677 699 Λάκωνος
703 665 748 695 τιὸ
777 668 933 704 ποιμένος,
965 666 1027 697 ὅττι
1058 667 1126 698 ποκ’
1150 666 1205 707 ἥδη

366 716 539 756 Α’νυσιέμαν
565 715 620 747 τοῖν
648 715 759 755 ἀμνόν·
791 716 823 751 ἐς
839 715 953 758 οὖρανόν
974 716 1067 756 ὔμμιν
1098 717 1235 758 α’λεῧμοᾳ.

238 800 310 835 quo
335 792 440 834 poe'ta
460 794 645 833 pastorem
675 786 720 821 de
745 799 785 822 re
807 787 910 822 tenui
941 800 1055 833 aeque
1091 787 1215 822 laetari
1251 787 1355 833 facit,
1401 801 1443 825 ac
1476 791 1601 826 Cicero

237 847 405 892 aequales
432 857 533 891 suos,
558 844 601 879 ad
626 846 786 881 Atticum
812 848 882 890 (ΙΙ.
911 857 940 881 ι.
963 845 1086 893 med.)
1111 847 1161 881 ita
1183 845 1362 881 scribens:

278 903 415 943 „Nostri
446 907 552 935 autem
581 902 738 944 principes
767 904 869 945 digito
900 914 936 935 se
962 904 1093 936 coelum‘
1115 909 1227 947 putent
1254 904 1430 945 attingere,
1462 905 1490 937 si
1512 906 1602 938 mulli

276 954 420 994 „barbati
439 954 473 985 in
495 954 625 996 piscinis
647 954 730 992 sint,
766 956 819 995 qui
841 955 879 986 ad
901 964 1027 986 manum
1049 956 1243 987 accedant.“-

370 1022 443 1059 Sed
470 1029 614 1069 praeter
639 1034 699 1067 ea,
744 1034 837 1067 quae
862 1024 1011 1058 Horatio
1045 1024 1285 1070 praedicanda
1323 1025 1368 1059 de
1400 1036 1439 1059 se
1470 1032 1598 1073 negat,

238 1081 389 1116 Illustris
417 1082 572 1116 Wolfius
606 1093 650 1116 eo
678 1094 820 1126 quoque
853 1082 1067 1127 offenditur,
1107 1083 1203 1128 quod
1223 1089 1345 1130 poeta,
1375 1091 1415 1117 ut
1438 1084 1599 1131 singula,

238 1152 330 1186 quae
357 1140 428 1174 hoc
448 1139 602 1173 nomine
627 1140 698 1185 ipsi
724 1139 960 1182 obiiciuntur,
987 1140 1164 1187 referam,

277 1202 374 1240 „post
393 1197 524 1239 primam
540 1197 633 1228 amici
657 1197 954 1238 compellationem,
990 1198 1021 1230 in
1048 1203 1098 1231 tot
1119 1199 1275 1231 variorum
1298 1199 1463 1232 hominum
1478 1198 1601 1231 ’studiis

278 1248 471 1290 „descriptis
497 1248 647 1288 omnique
674 1257 772 1289 prope
786 1248 924 1279 humano
946 1258 1064 1289 genere
1091 1250 1129 1280 ad
1153 1254 1257 1291 partes
1280 1257 1414 1287 vocato,
1439 1261 1478 1281 ne
1505 1250 1600 1280 verbo

256 1300 429 1342 „quidem
459 1307 583 1330 memor
602 1298 706 1334 iuius,
736 1298 794 1329 sed
822 1308 894 1329 sese
920 1308 1018 1330 unum
1045 1308 1102 1340 per
1117 1304 1193 1330 octo
1214 1309 1322 1331 versus
1345 1300 1524 1336 celebrans,
1548 1309 1599 1340 pa-

277 1360 370 1389 „rum
392 1347 612 1391 significanter
639 1347 782 1380 subiicit:
815 1349 974 1387 Quodsi
1003 1360 1061 1380 me
1090 1350 1246 1391 lyricis
1283 1351 1454 1382 vatibus
1484 1352 1599 1381 inse-

280 1410 371 1440 „res
396 1400 461 1435 (ita
482 1399 567 1430 enim
590 1398 762 1438 legendum
785 1404 906 1436 censet,
929 1410 995 1431 non
1018 1400 1200 1441 inseris)
1224 1401 1422 1432 :sublimi
1443 1400 1597 1432 feriam

279 1451 445 1491 „sidera
476 1449 649 1481 vertice.
685 1448 819 1489 Siccine
833 1450 1001 1482 inurbanus
1023 1450 1152 1484 noster&
1193 1452 1311 1483 siccine
1334 1456 1457 1493 praeter
1477 1462 1599 1483 morem

277 1501 470 1544 „negligens
490 1500 624 1542 patroni,
645 1510 738 1542 quem
756 1501 861 1532 solum
880 1502 1019 1533 omnium
1042 1503 1252 1544 praetermitti
1271 1503 1401 1535 minime
1421 1503 1579 1536 decebat?

237 1561 343 1603 Quae
364 1564 475 1600 quam
502 1565 586 1588 vere
611 1553 683 1588 sint
702 1552 815 1598 dicta,
839 1565 926 1602 age,
963 1554 1038 1589 iam
1067 1554 1264 1590 videamus.

378 1629 486 1665 Varia
521 1629 635 1678 igitur
660 1629 857 1665 hominum
884 1630 1002 1665 studia
1039 1639 1308 1666 memorantem
1330 1631 1408 1667 eius
1440 1642 1600 1678 quoque,

238 1704 309 1739 quo
345 1691 546 1727 Maecenas
582 1688 796 1735 ducebatur,
835 1690 1065 1726 mentionem
1093 1691 1213 1726 facere
1248 1702 1313 1738 par
1343 1698 1426 1726 erat.
1460 1710 1511 1719 -—·
1551 1695 1598 1729 At

241 1763 331 1785 num
355 1748 587 1798 singulorum
612 1747 730 1783 studia
762 1749 958 1784 enarravit?
981 1752 1064 1785 Imo
1091 1757 1268 1785 certarum
1295 1751 1393 1785 velut
1419 1751 1597 1796 classium,

242 1809 483 1857 peculiaribus
507 1807 604 1844 vitae
628 1807 824 1857 generibus
849 1807 1104 1849 distinctarum.
1161 1809 1205 1846 Si
1236 1810 1403 1856 poetandi
1437 1810 1599 1846 studium

241 1870 282 1901 in
307 1869 517 1903 Maecenate
541 1878 618 1902 non
641 1874 780 1914 poterat
806 1878 882 1901 non
905 1867 1068 1913 laudare,
1100 1879 1192 1903 num
1212 1868 1333 1904 eidem
1354 1882 1432 1905 sese
1456 1871 1599 1917 postha-

238 1928 378 1962 biturus
403 1925 503 1960 hunc
528 1926 629 1972 quasi
661 1926 847 1962 maiorum
870 1926 1035 1975 gentium
1066 1932 1228 1974 poetam,
1261 1940 1300 1965 se
1325 1936 1447 1967 autem
1480 1929 1599 1964 mino-

240 1999 324 2022 rum
348 1984 523 2021 exhibere
547 1984 727 2021 debebat?
763 1985 870 2033 Quod
897 1998 1005 2033 quam
1031 1999 1118 2024 vere
1141 1988 1295 2024 facturus
1323 1989 1448 2037 fuerit,
1478 1997 1602 2036 postea

1502 2046 1601 2082 vide.-
