1797 2311
857 204 907 239 20

207 309 315 332 mum
343 297 540 332 Maecenas
566 306 585 328 a
611 300 715 341 poeta
735 297 807 333 sibi
826 299 1001 333 brabeuta
1034 302 1209 342 poscatur.
1260 293 1366 341 Quod
1398 292 1430 327 si
1465 299 1575 337 expo-

208 357 339 392 suisset
370 362 509 400 noster,
545 354 748 391 aliis-forte
786 357 958 405 culpandi
993 355 1184 391 materiem
1218 353 1459 401 praebuisset,
1489 361 1575 385 cum

208 416 337 451 iudicii
357 415 513 449 acumen
540 414 579 447 in
600 415 817 452 Maecenate
855 417 1002 452 laudare
1028 415 1229 459 debuisset,
1271 413 1387 459 quod,
1420 412 1505 446 licet
1534 409 1577 443 in

210 475 320 510 rebus
343 472 499 521 publicis
523 473 736 521 probatum,
762 476 803 510 in
828 477 873 512 iis
897 484 1037 521 tamen,
1076 485 1167 520 quae
1191 472 1233 507 ad
1262 472 1453 517 eloquium
1477 480 1576 516 spec-

210 541 304 578 tant,
331 533 483 577 saltem,
504 533 571 567 ubi
595 534 674 580 ipse
695 535 783 579 quid
806 537 995 579 scriberet,
1031 534 1175 568 nullum
1199 531 1310 566 fuisse
1332 543 1377 565 ex
1400 530 1445 564 iis
1469 540 1575 575 appa-

210 600 286 638 ret,
311 604 404 638 quae
427 592 566 627 Seneca
592 604 647 638 ep.
673 598 741 629 114
783 601 818 628 et
842 595 909 628 sub
934 595 1049 628 finem
1076 604 1155 639 epp.
1191 597 1235 628 19
1263 597 1298 625 et
1335 594 1382 627 92
1416 587 1578 630 monuit,

213 651 470 698 exemplisque
506 651 556 684 ita
589 651 770 698 probavit,
804 661 844 687 ut
868 653 1005 688 mirum
1027 664 1104 686 esse
1130 662 1205 685 non
1227 649 1360 696 possit,
1384 645 1578 682 Horatium

211 723 329 757 aeque
364 722 405 745 ac
425 710 640 756 Virgilium,
684 711 933 757 Propertium,
960 710 1136 747 Ovidium
1157 710 1336 754 aliosque,
1361 707 1446 742 licet
1482 705 1576 740 mul-

211 772 257 805 tis
281 770 327 804 de
353 769 466 804 causis
488 767 533 802 ad
557 768 704 803 coelum
725 770 895 805 laudibus
922 769 1137 815 extulerint,
1161 768 1340 815 poeticam
1364 774 1488 802 tamen
1513 765 1578 799 ho-

210 830 325 864 minis
359 828 565 863 facultatem
598 828 748 864 siluisse.
798 829 1047 865 Concedamus
1078 835 1223 873 autem,
1257 827 1387 872 fuisse,
1416 836 1479 860 cur
1504 823 1576 872 ipsi

213 887 420 923 carminum
446 897 596 920 censura
616 887 696 921 iure
724 888 958 922 tribueretur.-
982 894 1016 921 at
1046 887 1117 921 hoc
1138 894 1262 921 tamen
1298 885 1361 931 qui
1392 883 1575 929 expositu-

212 957 274 981 rus
301 953 396 990 erat,
418 945 503 980 solis
529 945 573 979 iis
596 956 745 981 necesse
767 946 923 982 habebat
942 957 1147 993 exponere,
1171 945 1299 991 quibus
1320 945 1411 979 forte
1434 951 1579 989 persua-

211 1005 299 1039 dere
328 1004 456 1049 vellet,
476 1015 557 1038 sese
583 1004 688 1050 ideo,
716 1005 814 1050 quod
837 1006 1063 1040 Maecenatis
1098 1005 1311 1051 suffragium
1329 1002 1477 1037 tulerint
1504 1012 1576 1034 car-

212 1064 315 1100 mina
340 1075 425 1110 sua,
449 1063 531 1098 iure
555 1063 651 1098 inter
670 1064 802 1107 lyricos
826 1076 906 1100 esse
942 1063 1185 1099 referendum.
1234 1064 1284 1098 Ut
1319 1074 1339 1097 a
1369 1073 1409 1096 re
1440 1059 1577 1095 forensi

210 1123 426 1169 exemplum
447 1129 589 1168 petam:
617 1123 655 1157 Si
676 1123 755 1168 quis
781 1124 878 1169 eius,
909 1136 1022 1169 quem
1045 1123 1254 1171 legitimum
1277 1132 1457 1166 suumque
1483 1113 1578 1154 iudi-

214 1194 299 1218 cem
326 1192 405 1217 esse
428 1180 596 1229 agnovit,
620 1180 800 1217 iudicium
821 1182 953 1228 subiit,
996 1193 1089 1219 num
1118 1180 1224 1227 huic,
1248 1191 1313 1217 ¹cur
1336 1191 1420 1216 suus
1451 1178 1495 1214 sit
1521 1177 1576 1219 ius

209 1241 299 1287 dex,
326 1239 447 1274 dedita
480 1251 590 1286 opera
618 1241 854 1286 probaturum
880 1239 1010 1287 putes?

308 1322 381 1360 Sed
400 1323 493 1358 forte
519 1334 603 1358 eam
626 1322 673 1358 ob
696 1333 841 1358 causam
866 1335 986 1358 versus
1004 1328 1051 1361 29
1070 1334 1154 1358 cum
1166 1323 1278 1370 priori
1299 1330 1398 1369 parte
1423 1331 1576 1367 sequen-

206 1385 251 1419 tis
275 1382 321 1418 ad
345 1384 605 1418 Maecenatem
637 1389 690 1416 est
728 1382 959 1427 referendus,
993 1382 1111 1428 quod,
1137 1390 1176 1416 ut
1215 1383 1367 1417 Wolfius
1391 1388 1506 1428 putat,
1533 1381 1573 1414 iu

205 1441 413 1479 verecundo
447 1441 621 1487 homine,
641 1440 788 1487 qualem
810 1441 1004 1476 Horatium
1035 1441 1201 1487 undique
1227 1442 1415 1487 novimus,
1452 1441 1575 1487 inepta

214 1502 344 1535 fuisset
377 1499 556 1547 gloriatio,
576 1500 609 1535 si
628 1505 842 1546 poematum
861 1500 1080 1536 melicorum
1105 1501 1241 1547 primos
1268 1501 1339 1536 duo
1363 1502 1473 1536 libros
1499 1499 1576 1534 edi-

207 1567 309 1594 turus
341 1558 463 1593 statim
495 1558 536 1591 in
558 1558 750 1604 prooemio
777 1559 1005 1606 anticipasset
1039 1560 1266 1607 superbiam,
1314 1560 1384 1594 hac
1422 1560 1575 1595 demum

208 1618 371 1655 edi-tione
420 1616 688 1663 quaerendam?

312 1684 373 1722 Ad
402 1695 495 1730 quae
519 1686 638 1731 primo
660 1687 739 1721 loco
760 1687 991 1722 monendum
1015 1687 1172 1733 videtur,
1208 1688 1307 1722 haud
1334 1696 1410 1722 tam
1434 1693 1574 1725 certum

212 1756 311 1790 esse,
333 1744 430 1779 solos
457 1742 530 1778 duo
552 1744 692 1791 priores
717 1746 827 1780 libros
861 1758 946 1781 cum
974 1746 1045 1782 hoc
1075 1747 1266 1793 prooemio
1304 1746 1346 1780 ad
1384 1747 1577 1781 Maecena-

211 1813 289 1839 tem
314 1815 391 1839 esse
418 1803 561 1839 missos.
613 1804 683 1847 Iis,
710 1815 801 1849 quae
827 1805 872 1839 de
899 1807 970 1840 vita
989 1807 1100 1841 nostri
1115 1806 1158 1840 ad
1186 1805 1450 1841 esnetonium
1463 1807 1577 1845 Tran-

212 1862 369 1907 quillum
400 1868 588 1897 auctorem
620 1862 732 1909 vulgo
764 1863 985 1910 reseruntur,
1019 1876 1063 1899 ea
1094 1865 1139 1900 de
1174 1875 1213 1898 re
1258 1876 1332 1899 non
1374 1865 1446 1900 nisi
1484 1865 1576 1905 haec

211 1922 359 1958 insunt:

251 1978 399 2019 „Scripta
425 1979 552 2020 quidem
578 1978 704 2010 Horatii
734 1988 834 2019 usque
863 1980 943 2010 adeo
973 1980 1116 2021 probavit
1145 1981 1326 2022 Augustus,
1364 1992 1571 2023 mansuraque

250 2032 432 2070 „perpetuo
454 2029 599 2070 opinatus
622 2033 690 2065 est,
727 2033 763 2060 ut
784 2038 848 2060 non
873 2030 969 2061 modo
1001 2030 1140 2062 seculare
1168 2042 1295 2063 ear-men
1320 2033 1575 2073 componendum

251 2080 466 2118 ,‚iniunxerit‚
489 2079 546 2110 sed
568 2084 600 2110 et
613 2078 812 2112 Vindelicum
836 2081 1000 2113 victorium
1020 2081 1142 2114 Tiberii
1160 2082 1331 2125 Drusique,
1356 2084 1574 2125 privignorum

1478 2144 1574 2171 „suo-
