1797 2311
887 136 934 169 2oe

829 218 864 252 Si
891 229 995 263 neque
1017 221 1110 254 tibias

534 273 676 313 Euterpe
694 269 841 310 cohibet,
865 281 925 304 nec
953 272 1162 316 Polyhymnia

535 322 696 354 Lesboum
718 321 837 363 refugit
866 323 998 355 tendere
1026 324 1172 356 barbiton

288 376 352 416 „ad
374 375 592 408 Maecenatem
613 372 765 403 relabitur
786 373 907 404 oratio!
950 374 1014 408 Vix
1036 375 1198 406 emollitur
1224 374 1286 406 ista
1310 376 1442 409 durities
1474 380 1611 410 structu-

290 437 386 466 ‚,rae,
409 426 438 457 si
460 435 491 457 v.
513 433 554 464 29
581 423 649 456 TE
680 433 738 466 pro
761 423 830 456 ME
861 434 934 456 cum
956 424 1080 460 Wolfio
1109 435 1255 468 reponas.

246 489 345 535 prius
368 488 445 522 iam
471 493 524 520 est
547 496 785 532 responsum;
815 497 925 531 quare
945 487 1021 521 iam
1041 488 1086 522 ad
1111 500 1154 523 ea
1182 487 1481 535 progrediamur,
1515 503 1607 536 quae

248 547 417 593 proxime
439 545 657 591 sequuntur:

287 604 415 643 ‚,Tum‚
438 613 529 646 quarn
552 602 773 634 miserabiliter
794 602 876 634 iacet
903 602 936 633 in
958 602 1108 634 extremis
1135 602 1215 634 odae
1243 603 1404 642 versibus,
1433 604 1466 635 iu
1496 603 1608 643 quibus

289 654 487 695 „sublimi
513 653 674 685 vertice
700 663 877 694 surgere
905 652 1038 685 debebat
1062 655 1175 694 poeta,
1198 653 1277 686 illud
1298 665 1337 686 ex
1356 654 1517 697 prosaicae
1538 664 1607 686 ora-

289 706 413 746 „tionis
441 704 669 738 consuetudine
695 704 817 735 illatum
850 703 1034 742 QVoDSI.
1067 704 1168 746 quod,
1200 705 1230 736 si
1254 710 1343 737 recte
1363 706 1510 743 memini,
1542 715 1608 737 non

286 758 394 796 „redit
415 757 447 787 in
468 755 593 787 Horatii
614 754 738 785 melicis
759 755 968 791 carminibus,
991 755 1052 786 nisi
1073 755 1175 786 semel
1197 756 1245 794 (1.
1274 764 1338 793 24,
1363 758 1425 795 15)
1446 762 1478 788 et
1500 756 1607 787 medio

288 807 441 850 „quidem
460 805 608 843 carmine,
631 814 734 846 eoque
762 804 795 836 in
815 805 908 843 loco,
930 804 984 837 ubi
1005 805 1107 837 multo
1127 805 1268 838 sedatior
1291 810 1358 838 erat
1379 806 1514 838 dicentis
1535 806 1611 837 affe-

288 864 386 898 „ctus
408 863 441 890 et
462 857 533 899 ipso
554 855 704 889 tristitiae
723 864 820 888 sensu
841 859 1069 896 temperatus.“

328 934 386 971 Ad
413 945 506 981 quae
531 944 767 980 responsurus
792 933 955 979 primum
981 933 1221 979 quaesierim,
1255 943 1319 968 cur
1342 933 1492 968 tandem
1521 933 1607 979 poti-

245 1003 302 1030 tae
325 995 365 1029 in
390 995 563 1029 extremis
587 993 679 1027 odae
707 993 868 1027 versibus
893 992 1044 1026 sublimi
1074 993 1210 1027 vertice
1230 992 1455 1041 surgendum
1477 989 1608 1027 fuerit?

246 1055 302 1089 111.
322 1052 574 1089 Mitscherlich
600 1051 646 1085 ad
672 1050 738 1086 Od.
766 1051 814 1085 ΙΙ.
842 1056 895 1088 17.
916 1050 1043 1084 verba:

531 1109 709 1150 Vtrumque
728 1113 872 1140 nostrum
892 1106 1069 1140 incredibili
1092 1106 1190 1139 modo

533 1160 702 1191 Consentit
732 1163 864 1191 astrum.

243 1217 340 1252 bene
373 1212 539 1249 monuitz

281 1273 493 1313 „Orationem
512 1269 682 1302 admodum
708 1269 746 1300 ad
769 1268 949 1310 pedestrem
972 1280 1113 1302 normam
1138 1268 1316 1311 depressam
1338 1270 1437 1302 videri
1460 1276 1609 1305 notarunt

284 1325 369 1363 „iam
393 1323 464 1359 alii;
497 1321 553 1351 sed
580 1323 656 1351 sunt
678 1320 846 1359 quaedam,
877 1329 933 1359 per
959 1330 995 1350 se
1016 1320 1140 1356 tenuia,
1178 1329 1257 1360 quae
1278 1319 1373 1351 nullis
1396 1322 1547 1353 machinis
1569 1324 1607 1353 ad

284 1374 497 1415 „dignitatem
522 1368 679 1412 po'e'ticam
710 1370 867 1401 extollere
888 1370 1011 1405 valeas.
1046 1368 1201 1411 siquidem
1222 1373 1327 1401 veram
1348 1369 1479 1402 istorum
1500 1374 1606 1404 notio-

284 1435 383 1463 „uem
408 1426 643 1463 repraesentare
675 1420 767 1452 velis.
830 1420 966 1451 Peccant
993 1421 1089 1457 adeo,
1121 1420 1174 1461 qui
1208 1430 1288 1451 vano
1314 1421 1448 1461 quodam
1480 1427 1607 1456 tumore

286 1473 478 1515 „verborum
499 1470 646 1511 inanique
667 1469 803 1511 strepitu
825 1469 1024 1502 nobilitatem
1048 1469 1162 1501 talibus
1190 1470 1353 1501 adstruere
1376 1477 1565 1505 conantur.“

355 1549 464 1586 Idem
499 1559 585 1583 vero
616 1558 763 1581 carmen
796 1547 934 1593 poetico
971 1547 1091 1581 colore
1128 1554 1165 1582 et
1194 1545 1407 1583 sublimiore
1440 1550 1603 1586 oratione

242 1609 526 1655 haudquaquam
552 1618 630 1640 esse
657 1605 869 1639 destitutum
893 1617 969 1639 non
995 1613 1048 1639 est
1072 1606 1165 1651 quod
1194 1605 1356 1642 doceam.
1407 1608 1543 1643 Pariter
1565 1611 1605 1644 in

243 1670 323 1706 aliis
349 1678 496 1716 quoque
520 1664 660 1700 Horatii
684 1664 905 1699 carminibus
940 1676 998 1699 res
1021 1676 1061 1700 se
1082 1665 1205 1703 habet.
1257 1666 1453 1710 Compares
1489 1668 1602 1704 modo

246 1727 415 1763 carminis
449 1726 520 1761 ΙΙΙ.
546 1737 568 1769 5
600 1735 722 1757 versus
751 1724 839 1757 inde
870 1735 891 1757 a
926 1724 1228 1772 quinquagesimo
1247 1726 1371 1776 tertio,
1399 1730 1528 1775 quibus
1555 1729 1600 1763 de

243 1788 381 1836 populo
414 1787 584 1823 Romano
619 1782 832 1827 loquentem
863 1781 1002 1817 inducit
1033 1785 1236 1818 Iunonem:

494 1862 694 1899 Quicumque
722 1857 842 1889 mundo
871 1858 1025 1889 terminus
1048 1858 1198 1897 obstitit,

493 1911 586 1943 Hunc
607 1912 717 1950 tangat
739 1907 852 1944 armis,
882 1907 987 1939 visere
1007 1908 1165 1949 gestiens,

576 1961 645 1999 Qua
675 1964 764 2001 parte
795 1958 1027 1992 debacchentur
1058 1960 1168 2001 ignes,

617 2011 687 2048 Qua
708 2010 841 2041 nebulae
861 2010 1019 2051 pluviique
1041 2014 1144 2042 roresl
