1797 2311
856 52 900 85 13

300 147 438 191 Pariter
462 142 631 181 Horatius
652 154 693 179 se
716 142 947 178 Bacchum
971 141 1012 177 in
1044 141 1194 177 remotis
1217 140 1379 187 carmina
1410 145 1559 191 rupibus

201 200 396 244 docentem
424 199 615 245 *videt-e,
650 201 749 251 (od,
779 202 828 238 11.
864 206 920 248 19,
950 202 1006 244 1.)
1034 208 1069 236 et
1101 201 1281 236 referre
1313 212 1555 240 sermones

201 259 417 309 deornm,
442 261 534 311 (Οᾶ.
554 262 621 298 ΠΙ.
648 266 682 308 3,
709 263 794 304 70.)
819 259 1016 308 praedicat,
1053 260 1141 306 quid
1166 260 1263 307 quod
1297 259 1412 297 deos
1453 270 1558 300 tam.

199 330 331 372 quarn
362 313 635 371 praesentes
670 320 916 369 appellare
956 319 1028 355 sibi
1062 319 1203 355 videtur
1233 319 1325 368 (od.
1364 321 1414 358 11.
1442 326 1500 371 19,
1525 329 1558 363 7.

198 385 268 421 111.
297 388 356 428 25,
384 384 461 428 1.),
486 378 616 427 quibus
638 380 726 414 locis
750 380 806 415 111.
826 378 1078 415 Mitscherlieh
1102 380 1201 414 Statii
1229 380 1346 415 Theb.
1375 381 1444 417 111.
1475 389 1557 420 550.

198 442 329 481 Achill.
357 446 397 476 1.
419 445 501 478 508.
528 439 647 485 addit,
672 432 737 474 ubi
761 444 857 474 vates
882 435 1008 472 divino
1032 437 1153 472 furore
1184 439 1357 485 correpti,
1388 438 1478 476 dum
1502 442 1560 477 fu.

197 512 277 538 tura
307 502 532 546 eloquuntur,
566 498 698 544 deos,
730 510 796 533 seu
829 488 1025 532 deorum
1058 496 1267 532 concilia
1293 497 1558 548 irrumpere

197 560 374 596 dicuntur.
711 589 713 591 ,

296 620 460 666 Quarum
479 614 786 667 significationum
812 622 894 650 utra
926 614 1045 651 verbis

326 692 380 725 Me
416 691 578 723 doctarum
614 689 727 726 ederae
755 690 892 732 paeni:
915 690 1070 723 frontium

325 742 383 776 Dis
417 742 552 774 miscent
597 740 727 783 Superis

198 812 313 859 insit,
337 812 492 847 dubitari
510 817 668 857 poterat,
689 810 761 845 nisi
783 811 928 857 copiose
949 808 1125 856 loquendi
1149 821 1253 845 more
1277 821 1299 846 a
1318 811 1432 859 poetis
1458 811 1557 850 ha'ud

197 872 322 908 minus
353 880 464 917 quam
494 869 539 904 ab
564 869 761 904 oratoribus
791 869 953 903 adhibito
994 867 1209 904 addidisset:

633 943 690 977 Me
721 943 864 985 gelidum
895 952 1009 974 nemus

281 994 562 1037 Nympharumque
595 994 683 1028 leven
716 1004 793 1027 oum
814 993 937 1036 Satyri·
968 993 1059 1025 chori

282 1046 460 1080 secernunt
497 1045 635 1087 populo,

198 1128 289 1164 quae
310 1114 357 1150 acl
380 1113 501 1160 idem,
525 1113 623 1161 quod
645 1110 760 1148 modo
790 1111 1047 1158 declaraverat,
1072 1112 1264 1148 referenda
1283 1120 1377 1152 sunt.

297 1203 330 1236 Α
353 1197 488 1244 populo
514 1197 616 1232 enim
636 1196 832 1243 Horatiuntg
851 1206 928 1231 non
954 1195 1006 1230 ita
1029 1206 1068 1230 se
1093 1196 1308 1243 secrevisse,
1345 1205 1387 1233 ut
1411 1209 1473 1234 eos
1494 1211 1553 1236 co-

197 1257 305 1295 luerit
330 1256 441 1302 solos,
467 1255 531 1301 qui
554 1255 725 1304 ingenio,
760 1255 908 1302 opibus,
937 1254 1155 1297 honoribus,
1184 1255 1346 1302 potentia
1377 1259 1555 1294 excellue-

199 1318 291 1362 rint,
312 1327 389 1351 non
407 1315 521 1351 modo
546 1315 649 1350 tenui
673 1315 745 1349 vita
782 1313 997 1359 edocemur,
1034 1325 1147 1359 quam
1185 1314 1373 1360 repudiata
1398 1319 1553 1365 Augusti

196 1375 450 1419 familiaritate,
476 1373 596 1419 quiin
617 1373 778 1420 epistolis
797 1371 998 1408 scribendis
1023 1383 1045 1407 a
1068 1379 1188 1409 nostro
1209 1372 1372 1409 adiuvari
1394 1386 1434 1411 se
1457 1377 1555 1412 vole⁴

197 1436 277 1481 bat,
302 1434 411 1469 unice
438 1433 638 1468 sectabatur
665 1433 711 1468 cf.
734 1433 798 1479 Ep.
823 1433 853 1468 L
878 1435 935 1478 18,
964 1435 1044 1475 104.
1068 1443 1095 1467 s.
1120 1433 1149 1467 1.
1182 1437 1215 1470 7.
1249 1433 1279 1467 1.
1307 1437 1341 1479 5,
1370 1439 1403 1469 1.
1438 1435 1553 1472 Serm.

194 1496 244 1531 1-1.
268 1497 299 1529 6.
328 1492 395 1528 Od.
418 1493 466 1528 11.
494 1495 559 1535 16,
587 1496 629 1527 13
654 1504 702 1545 §.3
731 1490 798 1527 sed
816 1491 987 1539 colligere
1004 1490 1111 1526 facile
1132 1503 1343 1539 possumus„
1359 1493 1549 1540 epistolam

196 1553 225 1589 Ι.
250 1555 305 1588 112..
324 1551 503 1600 legentes,
532 1562 642 1596 quam
666 1550 712 1585 ad
734 1550 897 1585 villicum
921 1561 1030 1584 suum
1053 1550 1171 1596 dedit,
1193 1558 1230 1586 et
1250 1551 1444 1587 convivam
1467 1554 1552 1588 Cer·

196 1612 250 1646 vii
273 1611 404 1656 vicini,
421 1610 528 1657 probi
554 1609 715 1655 quidem,
740 1616 776 1644 at
802 1608 849 1645 de
872 1609 981 1656 plebe
1004 1616 1129 1645 tamen
1147 1609 1313 1646 hominis
1330 1611 1442 1645 fuisse
1466 1623 1551 1647 con-

194 1669 404 1705 siderante&
433 1668 535 1705 Conf.
560 1669 734 1704 Serm.II.
757 1671 791 1714 6,
815 1672 873 1706 77.
901 1668 1041 1715 Populo
1070 1669 1185 1717 igitur
1210 1669 1333 1703 relicto
1360 1670 1549 1717 Nympha-

195 1740 278 1763 rum
304 1729 585 1774 satyrorumque
609 1727 726 1763 choris
751 1738 791 1762 se
812 1726 1076 1776 adiungentem
1098 1727 1194 1762 haud
1220 1725 1316 1761 aliud
1344 1727 1553 1777 significare

194 1794 318 1834 putes,
345 1798 455 1832 quam
476 1799 515 1822 se
551 1799 693 1833 quoque
716 1783 900 1826 Bacchum
926 1786 1048 1833 sequi,
1080 1787 1138 1821 cui
1158 1786 1310 1835 agrestia
1341 1787 1405 1823 illa
1430 1792 1552 1825 numi-

195 1858 244 1881 na
268 1845 519 1881 adhaerebant.
546 1846 724 1882 Disertius
750 1845 789 1889 id
804 1846 995 1893 ¹profitetur
1019 1847 1082 1893 Ep.
1110 1846 1158 1881 11.
1181 1850 1216 1891 2,
1240 1849 1299 1884 76.
1322 1846 1389 1882 ubi
1410 1860 1553 1885 memo-

195 1905 297 1951 ratis,
323 1916 414 1952 quae
440 1906 579 1941 Romae
603 1916 624 1941 a
647 1900 868 1943 carminibus
887 1895 1091 1952 ssscribendis
1117 1912 1279 1952 evocem,
1302 1906 1351 1941 ita
1374 1908 1512 1955 pergit:

1410 1967 1431 2005 I
1453 1977 1552 2003 nunc
