1797 2311
893 122 919 154 9

224 209 270 246 ad
301 207 495 247 Horatium
528 213 575 244 eo
596 206 778 246 lubentius
806 206 973 251 substiti,
997 215 1069 254 quo
1104 207 1224 257 magis
1243 207 1285 243 in
1304 207 1446 244 deliciis
1477 204 1586 251 Tuis
1624 247 1627 249 ,

224 281 298 319 est,
327 272 477 319 ipsaque
502 282 578 317 res,
612 271 657 307 de
684 282 754 317 qua
770 270 853 305 iam
882 278 1025 318 agetur,
1061 272 1373 318 Duumvirorum,
1405 284 1427 308 a
1455 273 1586 319 quibus

224 331 417 376 dissentio,
460 341 611 366 summa
654 329 861 365 celebritate
904 330 1125 376 peculiarem
1162 333 1378 380 gravitatem
1419 332 1587 376 lucratur.

225 393 263 426 Is
300 390 422 435 enim,
455 390 518 435 qui
554 389 761 425 doctissima
788 381 844 423 ‘de
886 389 1042 424 Homeri
1079 392 1300 427 carminibus
1341 391 1587 438 disputatione

222 448 431 496 principem
455 448 549 483 inter
573 448 712 484 criticos
736 447 861 482 locum
883 454 939 481 est
961 455 1105 493 nactus,
1144 450 1248 484 Fam.
1274 453 1366 485 Auo.
1387 451 1587 496 Worsxvs,

224 508 358 555 quique
379 508 474 543 inter
494 508 659 543 lenensis
685 506 893 543 academiae
924 507 1067 543 lumina
1101 515 1155 543 est
1192 509 1428 555 conspicuus,
1462 510 1583 547 Hsmu

220 569 325 604 Can..
338 569 434 602 Ἀ’Βιι.
458 568 706 602 Excnsnmvs
720 567 912 611 carminis,
932 567 1028 612 quod
1051 567 1091 601 in
1111 567 1309 613 lyricorum
1329 568 1446 603 Flacci
1466 568 1587 607 fronte

225 633 299 671 est,
323 626 438 660 finem
465 625 702 673 depravatum
728 632 894 661 censent:
920 625 1009 660 alter
1034 627 1272 673 vocabulum,
1310 638 1331 661 a
1358 637 1442 672 quo
1460 633 1587 665 tamen

226 684 347 720 omnis
371 685 482 719 oratio
504 685 659 731 pendet,
685 684 874 719 immutari
896 684 1015 729 iubet,
1042 685 1130 719 alter
1150 693 1268 720 totum
1296 686 1409 720 simul
1440 697 1587 721 versum

228 742 322 778 eiici.
372 744 470 790 Quos
512 750 635 778 contra
665 743 697 778 si
728 744 916 792 vulgarem
946 740 1142 778 lectionem
1175 743 1359 778 vindicare
1383 743 1482 779 mihi
1510 755 1588 779 non

225 803 450 847 successerit,
477 803 611 838 viribus
631 803 843 844 inferiorem
864 802 1064 838 ostendisse
1089 814 1152 838 me
1177 815 1253 839 non
1275 803 1457 850 puduerit,
1481 802 1588 838 dum·

224 863 335 898 modo
358 857 476 915 Tibi,
504 859 581 902 Vir
603 873 766 903 summe
797 859 1080 915 Venerabilis,
1105 866 1215 899 armis
1236 865 1278 898 in
1298 864 1361 898 tali
1386 864 1587 899 certamine

227 926 407 963 tentandis
428 926 528 962 haud
553 939 696 975 prorsus
732 928 851 975 impar
874 928 1011 964 fuerim
1042 928 1148 965 visus.
1204 927 1313 963 Porro
1346 925 1426 973 ipsa
1453 924 1586 961 talium

226 986 387 1021 virorum
408 987 593 1021 auctoritas
617 998 660 1021 ea
685 994 758 1033 est,
784 994 844 1032 ut,
865 999 957 1033 quae
984 989 1019 1022 F.
1031 988 1074 1022 G.
1085 987 1248 1034 Doering
1276 993 1312 1030 et
1333 987 1369 1020 F.
1378 987 1424 1020 H.
1447 985 1582 1031 Bothe,

224 1045 295 1080 viri
326 1045 536 1092 clarissimi,
568 1045 611 1080 in
632 1044 861 1088 ‚editionibus
884 1046 957 1082 suis
992 1046 1134 1083 Horatii
1160 1058 1242 1094 opp.
1267 1051 1514 1090 monuerunt,
1539 1043 1586 1079 ad

223 1104 487 1139 vindicandum
516 1112 657 1139 textum
691 1106 884 1152 'vulgarem
919 1117 996 1141 non
1019 1106 1207 1141 sufficiant.
1282 1105 1362 1141 Alia
1387 1112 1511 1139 autem
1536 1103 1585 1138 de

223 1162 293 1198 hac
311 1174 351 1198 re
375 1170 516 1211 praeter
540 1174 600 1210 ea,
627 1173 719 1209 quae
746 1171 867 1198 contra
891 1164 1028 1210 priores
1057 1163 1166 1198 huius
1202 1163 1273 1198 loci
1295 1173 1463 1197 censores
1501 1162 1584 1197 Chr.

221 1220 289 1260 Ad.
333 1216 492 1259 Klotzius
533 1222 575 1258 in
617 1216 715 1259 vind.
763 1223 807 1271 Q.
827 1223 915 1259 Hor.
934 1222 1052 1259 Flacci
1097 1222 1250 1270 dixerat,
1297 1221 1471 1270 equidem
1504 1232 1583 1257 non

222 1281 361 1318 inveni·

338 1576 531 1614 Horatium
555 1575 709 1612 odarum
730 1574 871 1612 duobus
901 1577 962 1613 vel
985 1577 1099 1613 tribus
1122 1576 1302 1626 prloribus
1335 1575 1457 1623 libris,
1494 1588 1580 1612 cum

225 1639 391 1676 collectos
420 1636 626 1672 Maecenati
653 1644 747 1671 esset
772 1636 982 1684 traditurus,
1025 1638 1188 1685 primum
1218 1649 1366 1673 carmen
1390 1637 1579 1684 praefatio-

220 1698 281 1734 nis
299 1698 382 1734 loco
403 1695 632 1743 praemisisse
662 1707 730 1744 pro
766 1696 957 1732 communi
988 1697 1151 1732 virorum
1181 1682 1369 1733 doctorum
1400 1695 1580 1731 sententia

223 1757 351 1792 haberi
374 1763 500 1803 potest,
530 1767 686 1802 quorum
705 1755 903 1803 plerique
893 1768 934 1791 m
958 1768 1005 1792 eo
1025 1757 1263 1801 consentiunt,
1285 1756 1454 1793 Flaccum
1471 1756 1579 1790 Mae·

225 1815 359 1850 cenatis
385 1814 565 1849 iudicium
595 1814 642 1849 de
675 1825 715 1849 se
750 1815 902 1861 plurimi
928 1815 1123 1850 facientem
1154 1814 1334 1862 profiteri,
1372 1825 1416 1850 se
1447 1814 1578 1860 poesin

223 1873 353 1910 sectari
375 1873 511 1919 solam,
538 1880 574 1908 et
592 1873 688 1908 nihil
711 1873 829 1922 magis
854 1885 1005 1921 cupere,
1040 1885 1149 1920 quam
1174 1880 1215 1908 ut
1235 1873 1343 1920 lyrici
1374 1871 1463 1908 uatis
1499 1873 1577 1921 glo·

221 1934 274 1971 ria
298 1932 430 1982 dignus
459 1931 530 1979 ipsi
567 1931 740 1968 videatur.
790 1933 956 1969 Laudant
987 1932 1102 1967 iidem
1144 1932 1346 1980 rationem,
1374 1944 1446 1980 qua
1479 1931 1576 1967 hanc

222 1992 438 2033 sententiam
464 1992 685 2041 exposuerit,
730 2003 815 2028 cum
849 2004 870 2029 a
895 1992 1001 2029 variis
1037 1992 1236 2030 hominum
1269 1993 1395 2030 studiis
1426 2002 1575 2059 exqsus

1035 2053 1109 2100 (a)
1505 2062 1573 2088 suo
